1429 2255
130 173 168 203 10
476 172 510 203 P.
538 171 737 203 VERGILI
764 171 983 205 MARONIS

130 274 171 307 at
197 269 327 306 suffire
358 268 498 320 thymo
528 282 716 319 cerasque
745 268 920 308 recidere
950 269 1087 308 inanes

127 334 215 384 quis
245 334 437 372 dubitet?
475 348 565 372 nam
596 348 712 385 saepe
742 335 853 373 favos
883 334 1044 384 ignotus
1073 334 1209 373 adedit

127 399 257 437 stellio
287 408 328 437 ct
357 399 542 450 lucifugis
572 405 759 451 congesta
788 399 934 438 cubilia
962 399 1112 447 blattis,

127 465 380 515 inmunisque
411 465 551 503 sedens
581 465 710 503 aliena
738 465 789 503 ad
819 465 965 516 pabula
994 465 1133 512 fucus:

126 535 196 567 aut
225 543 341 581 asper
369 530 507 568 crabro
537 531 741 581 inparibus
772 543 812 568 se
841 531 1045 569 inmiscuit
1074 530 1204 577 armis,
1268 538 1328 571 245

126 600 196 634 aut
226 595 357 634 dirum
388 596 518 634 tineae
547 609 682 646 genus,
715 601 785 634 aut
814 596 942 634 invisa
971 595 1177 634 Minervae

127 661 240 700 laxos
270 662 310 699 in
341 661 492 699 foribus
523 661 732 712 suspendit
760 674 905 700 aranea
935 675 1072 700 casses.

129 739 207 777 quo
237 726 360 777 magis
391 726 609 765 exhaustae
639 727 800 775 fuerint,
833 727 905 765 hoc
934 727 1063 765 acrius
1092 739 1227 765 omnes

128 791 361 829 incumbent
389 792 546 843 generis
576 792 676 843 lapsi
706 792 848 830 sarcire
878 792 1023 839 ruinas,

130 856 465 908 complebuntque
495 858 601 896 foros
632 862 672 895 et
701 858 862 896 floribus
893 857 1034 896 horrea
1063 862 1214 896 texent.
1268 874 1331 909 250

184 923 216 961 si
246 936 351 971 vero,
384 923 572 973 quoniam
602 936 715 961 casus
744 923 884 974 apibus
915 936 1073 974 quoque
1102 928 1259 961 nostros

130 988 214 1026 vita
244 988 349 1035 tulit,
382 989 489 1026 tristi
519 988 769 1039 languebunt
799 1002 961 1040 corpora
991 988 1184 1027 morbo—

130 1054 238 1104 quod
267 1055 345 1092 iam
375 1067 454 1093 non
483 1054 615 1093 dubiis
644 1055 793 1105 poteris
824 1068 1058 1106 cognoscere
1088 1054 1236 1106 signis:

132 1120 320 1158 continuo
350 1125 410 1158 est
438 1120 566 1171 aegris
597 1120 696 1159 alius
726 1120 833 1159 color
850 1135 859 1168 3
898 1120 1059 1159 horrida
1088 1120 1246 1159 vultum

131 1185 328 1224 deformat
357 1186 525 1233 macies;
565 1192 653 1224 tum
683 1199 846 1237 corpora
875 1186 961 1225 luce
990 1192 1195 1225 carentum
1268 1192 1329 1227 255

132 1257 349 1302 exportant
378 1252 494 1289 tectis
524 1257 564 1290 et
594 1252 726 1290 tristia
755 1252 894 1290 funera
923 1252 1103 1300 ducunt3

131 1323 202 1355 aut
231 1317 321 1355 illae
350 1317 519 1367 pedibus
550 1330 723 1356 conexae
752 1317 803 1355 ad
832 1317 969 1356 limina
998 1317 1185 1368 pendent,

132 1388 202 1421 aut
231 1382 340 1420 intus
370 1382 511 1421 clausis
542 1388 782 1421 cunctantur
810 1382 851 1420 in
881 1382 1057 1429 aedibus,
1089 1395 1224 1422 omnes

132 1449 377 1500 ignavaeque
407 1448 510 1486 fame
541 1453 581 1486 et
609 1453 812 1487 contracto
842 1448 987 1498 frigore
1016 1448 1180 1500 pigrae3

133 1519 220 1552 tum
251 1527 369 1552 sonus
398 1513 561 1551 auditur
589 1514 748 1564 gravior
777 1513 1016 1563 tractimque
1046 1519 1333 1562 susurrant‚260

133 1578 301 1631 frigidus
331 1584 377 1616 ut
405 1578 605 1629 quondam
636 1579 745 1617 silvis
775 1579 1043 1617 inmurmurat
1072 1579 1230 1623 Auster.

133 1650 179 1682 ut
208 1657 316 1682 mare
346 1643 559 1682 sollicitum
589 1644 724 1682 stridit
753 1644 1012 1683 refluentibus
1041 1644 1168 1692 undis,

133 1714 291 1747 aestuat
319 1714 364 1747 ut
394 1709 536 1748 clausis
566 1709 728 1761 rapidus
759 1710 984 1748 fornacibus
1013 1710 1172 1760 ignis—

133 1774 195 1813 hic
226 1775 305 1812 iam
333 1774 546 1825 galbaneos
576 1775 749 1813 suadebo
778 1775 989 1813 incendere
1019 1775 1158 1814 odores

133 1839 330 1890 mellaque
362 1840 617 1879 harundineis
647 1841 792 1879 inferre
823 1840 1035 1888 canalibus,
1067 1840 1174 1878 ultro
1271 1841 1331 1881 265

134 1906 362 1944 hortantem
392 1910 432 1943 et
461 1906 582 1944 fessas
612 1906 660 1943 ad
692 1906 837 1957 pabula
867 1911 961 1945 nota
990 1911 1208 1945 vocantem.

135 1972 313 2023 proderit
342 1981 383 2011 et
411 1977 575 2011 tunsum
604 1972 730 2024 gallae
759 1972 975 2011 admiscere
1005 1985 1185 2023 saporem

133 2045 370 2090 arentesque
401 2051 519 2086 rosas,
551 2044 622 2077 aut
651 2038 734 2090 igni
763 2039 926 2089 pinguia
956 2038 1084 2076 multo
