1388 2260
430 172 708 205 GEORGICON
734 172 820 204 LIB.
852 173 913 204 IV.
1184 218 1187 224 Ι
1253 174 1273 204 5

70 269 202 309 dulcia
230 269 349 308 mella
378 283 543 321 premes,
577 283 647 308 nec
679 275 837 308 tantum
867 270 1007 317 dulcia,
1040 278 1233 320 quantum

70 341 110 374 et
139 335 289 386 liquida
319 341 359 374 et
386 335 531 373 durum
562 335 705 374 Bacchi
734 335 934 373 domitura
963 349 1154 386 saporem.

124 407 165 439 at
194 415 284 439 cum
312 401 463 439 incerta
492 400 631 439 volant
660 401 846 452 caeloque
876 402 1059 440 examina
1088 401 1235 439 ludunt

70 472 411 517 contemnuntque
440 467 551 505 favos
582 473 622 505 et
651 467 795 517 frigida
825 471 930 505 tecta
959 467 1200 517 relinquunt,

71 532 275 571 instabiles
305 533 455 571 animos
486 532 581 570 ludo
611 532 839 583 prohibebis
870 533 987 570 inani.
1217 539 1274 573 105

71 611 140 636 nec
170 611 336 649 magnus
366 597 576 648 prohibere
605 597 740 645 labor,
771 604 815 635 tu
845 597 1004 648 regibus
1034 597 1114 636 alas

70 663 177 714 eripe
194 679 202 711 3
232 676 310 701 non
341 663 420 701 illis
450 663 661 713 quisquam
692 663 972 701 cunctantibus
1002 663 1128 701 altum

70 729 126 767 ire
156 729 232 767 iter
260 734 330 766 aut
359 729 498 767 castris
527 728 691 767 audebit
720 728 866 767 vellere
896 729 1017 779 signa.

71 794 244 832 invitent
273 794 417 832 croceis
449 793 629 832 halantes
659 795 822 832 floribus
852 794 957 832 horti

71 865 111 898 et
139 866 271 898 custos
300 860 434 898 furum
463 866 584 910 atque
612 860 744 897 avium
777 873 865 897 cum
896 859 993 897 falce
1024 859 1176 911 saligna
1218 869 1277 891 110

71 924 384 976 Hellespontiaci
414 930 546 963 servet
575 924 704 963 tutela
734 925 878 976 Priapi.

72 991 155 1041 ipse
183 990 370 1042 thymum
398 991 594 1041 pinosque
623 991 753 1029 ferens
783 990 832 1028 de
862 990 1064 1029 montibus
1094 989 1185 1028 altis

74 1060 176 1094 tecta
205 1062 310 1094 serat
339 1055 417 1094 late
448 1056 604 1103 circum,
638 1056 700 1094 cui
730 1055 826 1094 talia
855 1069 996 1103 curae;

71 1122 155 1173 ipse
183 1121 316 1160 labore
347 1135 508 1159 manum
537 1121 639 1160 duro
668 1127 782 1167 terat,
816 1122 897 1171 ipse
927 1121 1073 1159 feraces

72 1187 168 1239 figat
196 1186 317 1225 humo
348 1186 503 1237 plantas
535 1195 574 1224 et
603 1187 748 1225 amicos
778 1187 926 1238 inriget
955 1187 1111 1225 imbres
1218 1193 1275 1226 115

125 1258 245 1303 atque
275 1252 469 1303 equidem,
498 1258 679 1291 extremo
709 1252 749 1290 ni
779 1252 857 1290 iam
887 1252 960 1290 sub
990 1252 1066 1290 fine
1095 1251 1275 1290 laborum

72 1317 159 1356 vela
187 1318 344 1356 traham
374 1324 414 1356 et
443 1318 560 1356 terris
590 1317 774 1356 festinem
803 1317 1011 1355 advertere
1040 1330 1209 1367 proram,

72 1383 238 1422 forsitan
269 1389 319 1429 et,
350 1384 518 1435 pingues
548 1383 683 1421 hortos
713 1395 814 1433 quae
843 1395 936 1420 cura
965 1381 1119 1420 colendi

73 1453 241 1496 ornaret,
273 1462 465 1495 canerem,
496 1449 691 1498 biferique
720 1448 868 1486 rosaria
898 1447 1041 1495 Paesti,

73 1527 230 1565 quoque
259 1514 377 1553 modo
406 1515 511 1566 potis
541 1513 763 1565 gauderent
792 1513 919 1552 intiba
949 1513 1044 1551 rivis
1217 1523 1276 1545 120

73 1584 113 1617 et
141 1579 288 1618 virides
318 1580 408 1631 apio
437 1581 556 1630 ripae,
590 1585 800 1630 tortusque
829 1592 900 1629 per
929 1578 1092 1617 herbam

73 1652 265 1683 cresceret
294 1646 334 1683 in
364 1651 546 1684 ventrem
577 1646 751 1684 cucumis
767 1661 777 1693 3
806 1657 877 1683 nec
907 1657 993 1682 sera
1023 1650 1245 1682 comantem

73 1710 290 1749 narcissum
320 1716 390 1750 aut
419 1711 512 1749 flexi
542 1711 752 1750 tacuissem
784 1711 916 1749 vimen
946 1710 1104 1748 acanthi

74 1775 345 1827 pallentesque
373 1776 540 1815 hederas
570 1781 610 1815 et
638 1781 816 1814 amantes
845 1775 964 1814 litora
992 1781 1155 1827 myrtos.

73 1855 244 1892 namque
274 1842 347 1880 sub
378 1841 565 1881 Oebaliae
594 1842 756 1880 memini
786 1855 849 1880 me
879 1841 1057 1880 turribus
1086 1841 1187 1889 altis,
1220 1848 1277 1883 125

73 1920 152 1957 qua
181 1907 293 1958 niger
321 1912 498 1946 umectat
527 1908 715 1946 flaventia
744 1907 850 1946 culta
880 1907 1081 1955 Galaesus,

75 1971 285 2023 Corycium
317 1973 462 2011 vidisse
492 1986 637 2019 senem,
669 1974 730 2011 cui
760 1987 885 2024 pauca
913 1973 1040 2011 relicti

74 2037 210 2089 iugera
238 2038 340 2076 ruris
370 2044 493 2085 erant,
527 2052 597 2077 nec
626 2038 769 2077 fertilis
797 2038 866 2077 illa
895 2039 1071 2078 iuvencis

658 2102 677 2123 (¹,
