1388 2260
416 145 692 178 GEORGIOON
719 146 805 178 LIB.
835 147 897 178 IV.
1237 149 1256 180 3

57 246 102 281 tu
130 247 264 281 tamen
296 248 335 281 et
363 242 440 281 levi
471 243 615 281 rimosa
645 243 790 282 cubilia
818 243 913 282 limo
1215 252 1256 285 45

56 321 189 358 ungue
219 308 356 346 fovens
385 308 532 346 circum
563 313 603 346 et
632 322 739 347 raras
770 309 991 360 superinice
1020 309 1189 348 frondes.

57 386 134 411 neu
163 373 327 424 propius
358 374 473 411 tectis
503 379 643 411 taxum
673 375 768 421 sine,
800 387 900 413 neve
930 375 1118 413 rubentes

56 451 126 476 ure
155 438 242 476 foco
272 452 442 485 cancros,
474 438 577 477 altae
608 452 685 477 neu
715 439 830 478 crede
860 439 1007 491 paludi,

55 510 126 542 aut
154 504 222 542 ubi
252 503 350 542 odor
380 504 489 542 caeni
518 505 650 556 gravis
680 510 750 542 aut
778 505 846 543 ubi
877 518 1047 543 concava
1076 505 1193 556 pulsu

56 583 152 607 saxa
181 575 326 607 sonant
356 570 540 619 vocisque
572 570 720 608 offensa
749 570 918 608 resultat
946 571 1085 622 imago.
1217 579 1257 611 50

110 634 217 685 quod
238 640 430 686 superest,
453 635 520 672 ubi
542 634 695 686 pulsam
725 635 896 674 hiemem
921 635 988 674 Sol
1012 649 1154 675 aureus
1175 636 1256 687 egit

55 700 129 738 sub
158 705 283 739 terras
313 700 543 751 caelumque
572 701 724 739 aestiva
753 701 839 739 luce
869 701 1039 748 reclusit,

55 765 146 804 illae
174 766 364 804 continuo
393 765 518 804 saltus
548 766 746 817 silvasque
776 772 990 818 peragrant

56 845 355 882 purpureosque
386 837 545 870 metunt
575 832 689 870 flores
719 837 760 870 et
788 833 952 870 flumina
981 832 1109 870 libant

56 910 208 935 summa
237 896 355 935 leves,
414 897 506 935 hinc
536 897 668 936 nescio
698 910 776 947 qua
805 897 1016 936 dulcedine
1044 897 1170 936 laetae
1217 905 1255 939 55

57 962 285 1014 progeniem
314 962 508 1013 nidosque
538 962 686 1011 fovent,
719 962 809 1001 hinc
838 968 925 1001 arte
954 968 1130 1002 recentes

55 1027 260 1066 excudunt
289 1041 397 1066 ceras
428 1033 468 1066 et
497 1028 613 1066 mella
643 1028 798 1066 tenacia
827 1029 994 1080 fingunt.

55 1093 146 1131 hinc
175 1093 243 1131 ubi
273 1093 352 1131 iam
382 1094 570 1132 emissum
600 1094 728 1132 caveis
758 1093 807 1132 ad
839 1094 968 1132 sidera
998 1093 1094 1132 caeli

55 1171 149 1197 nare
178 1172 248 1210 per
277 1164 469 1197 aestatem
498 1158 691 1209 liquidam
722 1159 946 1210 suspexeris
975 1173 1117 1210 agmen

54 1225 341 1274 obscuramque
370 1224 474 1263 trahi
504 1229 625 1263 vento
654 1225 849 1263 mirabere
878 1225 1034 1273 nubem,
1214 1226 1256 1257 60

55 1289 369 1341 contemplator:
410 1303 531 1341 aquas
561 1290 696 1328 dulces
727 1295 766 1328 et
796 1290 960 1328 frondea
989 1303 1144 1341 semper

54 1360 159 1394 tecta
188 1362 342 1406 petunt.
403 1356 479 1394 huc
510 1361 556 1394 tu
584 1356 712 1394 iussos
741 1355 934 1407 adsperge
965 1369 1134 1407 sapores⁷

54 1422 149 1460 trita
178 1421 432 1472 melisphylla
462 1426 501 1459 et
531 1421 733 1460 cerinthae
763 1421 937 1473 ignobile
967 1434 1141 1472 gramen,

53 1487 302 1537 tinnitusque
332 1487 388 1524 cie
419 1492 459 1524 et
488 1486 631 1525 Matris
661 1492 780 1537 quate
810 1486 991 1538 cymbala
1020 1487 1190 1526 circum:

53 1553 162 1603 ipsae
191 1552 398 1591 consident
427 1552 632 1590 medicatis
663 1552 833 1598 sedibus,
865 1553 973 1602 ipsae
1214 1554 1254 1594 65

53 1618 194 1656 intima
222 1631 330 1656 more
360 1631 431 1656 suo
461 1631 543 1656 sese
573 1618 613 1655 in
644 1617 838 1656 cunabula
868 1618 1050 1656 condent.

107 1683 167 1721 sin
191 1689 324 1721 autem
348 1683 396 1721 ad
421 1696 592 1734 pugnam
621 1684 938 1721 exierint-nam
963 1696 1079 1734 saepe
1099 1683 1254 1722 duobus

53 1748 211 1800 regibus
241 1749 399 1787 incessit
430 1762 572 1800 magno
602 1748 799 1787 discordia
829 1753 952 1793 motu,

55 1815 321 1864 continuoque
350 1814 502 1852 animos
532 1813 642 1864 vulgi
672 1819 712 1852 et
741 1814 984 1864 trepidantia
1011 1813 1116 1852 bello

54 1879 172 1918 corda
192 1879 285 1918 licet
305 1879 421 1930 longe
442 1879 722 1930 praesciscere;
752 1892 922 1930 namque
943 1885 1144 1918 morantes
1215 1887 1256 1920 70

55 1945 225 1983 Martius
255 1944 320 1982 ille
351 1944 449 1982 aeris
480 1945 586 1982 rauci
617 1957 735 1982 canor
764 1944 943 1996 increpat
972 1950 1013 1983 et
1041 1959 1119 1983 vox

54 2010 215 2049 auditur
244 2011 387 2049 fractos
417 2010 570 2048 sonitus
599 2010 755 2048 imitata
783 2010 995 2057 tubarum3
