1388 2260
400 564 442 603 P.
475 563 701 602 VERGILI
736 563 990 603 MARONIS

327 675 1070 740 GEORGIOON

461 810 625 849 LIBER
654 810 924 859 QUARTUS.

96 1033 317 1072 PROTINUS
344 1033 441 1072 aerii
470 1033 598 1072 mellis
629 1032 812 1072 caelestia
841 1033 944 1072 dona

96 1112 298 1150 exsequar.
365 1099 465 1138 hanc
495 1100 625 1144 etiam,
658 1098 879 1147 Maecenas,
911 1099 1042 1150 aspice
1071 1106 1236 1151 partem.

94 1165 327 1203 admiranda
355 1165 430 1203 tibi
460 1164 607 1204 levium
637 1165 862 1215 spectacula
890 1178 1034 1213 rerum,

95 1231 446 1283 magnanimosque
475 1230 594 1269 duces
615 1231 819 1281 totiusque
849 1231 988 1269 ordine
1016 1231 1146 1282 gentis

95 1310 224 1336 mores
254 1302 294 1335 et
322 1296 455 1335 studia
484 1301 525 1335 et
553 1295 721 1348 populos
752 1301 792 1335 et
820 1296 971 1347 proelia
1000 1297 1138 1335 dicam.
1275 1304 1293 1339 5

94 1364 135 1402 in
165 1363 277 1402 tenui
307 1363 418 1401 labor
434 1378 443 1411 3
472 1368 513 1400 at
543 1362 675 1400 tenuis
704 1374 784 1400 non
813 1361 950 1413 gloria,
982 1363 1014 1400 si
1044 1376 1162 1413 quem

95 1430 260 1468 numina
288 1429 400 1468 laeva
431 1429 568 1467 sinunt
598 1427 790 1478 auditque
820 1433 984 1466 vocatus
1013 1428 1169 1479 Apollo.

148 1495 343 1546 principio
373 1495 484 1533 sedes
515 1494 655 1545 apibus
686 1493 884 1544 statioque
914 1493 1099 1544 petenda,

95 1574 174 1611 quo
203 1574 331 1611 neque
360 1560 412 1598 sit
440 1560 571 1598 ventis
601 1559 883 1597 aditus—nam
912 1558 1058 1610 pabula
1087 1559 1199 1598 venti

94 1626 195 1665 ferre
216 1626 379 1664 domum
400 1625 797 1676 prohibent—neque
818 1637 909 1662 oves
930 1624 1126 1674 haedique
1146 1625 1294 1676 petulci

94 1692 256 1730 floribus
286 1691 490 1739 insultent,
523 1696 594 1730 aut
624 1704 758 1729 errans
787 1690 931 1728 bucula
961 1703 1098 1741 campo
1258 1700 1291 1723 11

94 1756 271 1796 decutiat
299 1770 428 1795 rorem
458 1763 497 1795 et
527 1762 734 1807 surgentes
763 1760 911 1795 atterat
940 1755 1092 1795 herbas.

94 1823 226 1861 absint
256 1828 295 1860 et
324 1823 420 1872 picti
451 1822 676 1873 squalentia
706 1827 819 1873 terga
847 1821 985 1860 lacerti

94 1887 307 1940 pinguibus
337 1902 360 1926 a
389 1888 553 1927 stabulis
583 1900 842 1939 meropesque
871 1888 1052 1938 aliaeque
1083 1888 1274 1935 volucres,

95 1959 135 1991 et
163 1953 345 1992 manibus
375 1953 527 1992 Procne
556 1958 695 2005 pectus
725 1953 880 2004 signata
910 1954 1086 1992 cruentis
1102 1969 1112 2002 3
1258 1961 1295 1995 15

95 2019 227 2057 omnia
255 2032 346 2058 nam
375 2018 455 2057 late
484 2024 645 2058 vastant
673 2019 858 2069 ipsasque
888 2018 1070 2058 volantes

181 2083 205 2110 6
