<?xml version="1.0" encoding="UTF-8"?>
<!DOCTYPE html PUBLIC "-//W3C//DTD XHTML 1.0 Transitional//EN"
    "http://www.w3.org/TR/xhtml1/DTD/xhtml1-transitional.dtd">
<html xmlns="http://www.w3.org/1999/xhtml" xml:lang="en" lang="en">
 <head>
  <title>
</title>
<meta http-equiv="Content-Type" content="text/html;charset=utf-8" />
  <meta name='ocr-system' content='tesseract 3.04.00' />
  <meta name='ocr-capabilities' content='ocr_page ocr_carea ocr_par ocr_line ocrx_word'/>
</head>
<body>
  <div class='ocr_page' id='page_1' title='image "./georgiconliber4e00virguoft_0043.png"; bbox 0 0 1388 2260; ppageno 0'>
   <div class='ocr_carea' id='block_1_1' title="bbox 397 164 1286 199">
    <p class='ocr_par' dir='ltr' id='par_1_1' title="bbox 397 164 1286 199">
     <span class='ocr_line' id='line_1_1' title="bbox 397 164 1286 199; baseline 0 0"><span class='ocrx_word' id='word_1_1' title='bbox 397 166 673 199; x_wconf 82' lang='lat' dir='ltr'>GEORGICON</span> <span class='ocrx_word' id='word_1_2' title='bbox 698 166 785 199; x_wconf 88' lang='lat' dir='ltr'>LIB.</span> <span class='ocrx_word' id='word_1_3' title='bbox 815 166 878 199; x_wconf 93' lang='lat' dir='ltr'>IV.</span> <span class='ocrx_word' id='word_1_4' title='bbox 1199 169 1238 199; x_wconf 88' lang='lat'>15</span> <span class='ocrx_word' id='word_1_5' title='bbox 1281 164 1286 169; x_wconf 70' lang='grc'><strong>”</strong></span> 
     </span>
    </p>
   </div>
   <div class='ocr_carea' id='block_1_2' title="bbox 34 263 1240 2086">
    <p class='ocr_par' dir='ltr' id='par_1_2' title="bbox 35 263 1239 577">
     <span class='ocr_line' id='line_1_2' title="bbox 39 263 1239 314; baseline 0.003 -13"><span class='ocrx_word' id='word_1_6' title='bbox 39 269 79 301; x_wconf 88' lang='lat' dir='ltr'>et</span> <span class='ocrx_word' id='word_1_7' title='bbox 107 267 235 302; x_wconf 87' lang='lat' dir='ltr'>mater</span> <span class='ocrx_word' id='word_1_8' title='bbox 267 268 382 314; x_wconf 87' lang='lat' dir='ltr'>‘cape</span> <span class='ocrx_word' id='word_1_9' title='bbox 412 263 588 302; x_wconf 86' lang='lat' dir='ltr'>Maeonii</span> <span class='ocrx_word' id='word_1_10' title='bbox 618 264 816 303; x_wconf 81' lang='lat' dir='ltr'>carchesia</span> <span class='ocrx_word' id='word_1_11' title='bbox 846 264 1017 303; x_wconf 87' lang='lat' dir='ltr'>Bacchi:</span> <span class='ocrx_word' id='word_1_12' title='bbox 1177 265 1239 305; x_wconf 86' lang='lat'>380</span> 
     </span>
     <span class='ocr_line' id='line_1_3' title="bbox 38 328 1020 380; baseline 0.002 -14"><span class='ocrx_word' id='word_1_13' title='bbox 38 328 195 367; x_wconf 84' lang='lat' dir='ltr'>Oceano</span> <span class='ocrx_word' id='word_1_14' title='bbox 225 328 416 367; x_wconf 85' lang='lat' dir='ltr'>libemus&#39;</span> <span class='ocrx_word' id='word_1_15' title='bbox 445 329 512 367; x_wconf 87' lang='lat' dir='ltr'>ait.</span> <span class='ocrx_word' id='word_1_16' title='bbox 573 330 691 368; x_wconf 86' lang='lat' dir='ltr'>simul</span> <span class='ocrx_word' id='word_1_17' title='bbox 721 331 806 380; x_wconf 88' lang='lat' dir='ltr'>ipsa</span> <span class='ocrx_word' id='word_1_18' title='bbox 834 336 1020 380; x_wconf 74' lang='lat' dir='ltr'>precatur</span> 
     </span>
     <span class='ocr_line' id='line_1_4' title="bbox 37 393 1181 447; baseline 0.001 -15"><span class='ocrx_word' id='word_1_19' title='bbox 37 393 319 444; x_wconf 75' lang='lat' dir='ltr'>Oceanumque</span> <span class='ocrx_word' id='word_1_20' title='bbox 348 399 503 445; x_wconf 86' lang='lat' dir='ltr'>patrem</span> <span class='ocrx_word' id='word_1_21' title='bbox 533 408 666 434; x_wconf 87' lang='lat' dir='ltr'>rerum</span> <span class='ocrx_word' id='word_1_22' title='bbox 697 395 986 447; x_wconf 80' lang='lat' dir='ltr'>Nymphasque</span> <span class='ocrx_word' id='word_1_23' title='bbox 1017 408 1181 442; x_wconf 87' lang='lat' dir='ltr'>sorores,</span> 
     </span>
     <span class='ocr_line' id='line_1_5' title="bbox 36 452 1203 511; baseline 0.001 -13"><span class='ocrx_word' id='word_1_24' title='bbox 36 464 196 498; x_wconf 85' lang='lat' dir='ltr'>centum</span> <span class='ocrx_word' id='word_1_25' title='bbox 225 473 326 510; x_wconf 86' lang='lat' dir='ltr'>quae</span> <span class='ocrx_word' id='word_1_26' title='bbox 356 459 486 507; x_wconf 86' lang='lat' dir='ltr'>silvas,</span> <span class='ocrx_word' id='word_1_27' title='bbox 518 466 678 499; x_wconf 87' lang='lat' dir='ltr'>centum</span> <span class='ocrx_word' id='word_1_28' title='bbox 708 474 808 511; x_wconf 88' lang='lat' dir='ltr'>quae</span> <span class='ocrx_word' id='word_1_29' title='bbox 838 461 1002 499; x_wconf 81' lang='lat' dir='ltr'>flumina</span> <span class='ocrx_word' id='word_1_30' title='bbox 1031 452 1203 499; x_wconf 81' lang='lat' dir='ltr'>servarit.</span> 
     </span>
     <span class='ocr_line' id='line_1_6' title="bbox 35 525 1116 577; baseline 0.002 -14"><span class='ocrx_word' id='word_1_31' title='bbox 35 530 97 563; x_wconf 85' lang='lat' dir='ltr'>ter</span> <span class='ocrx_word' id='word_1_32' title='bbox 125 525 279 577; x_wconf 85' lang='lat' dir='ltr'>liquido</span> <span class='ocrx_word' id='word_1_33' title='bbox 308 526 516 564; x_wconf 75' lang='lat' dir='ltr'>ardentem</span> <span class='ocrx_word' id='word_1_34' title='bbox 545 526 723 577; x_wconf 88' lang='lat' dir='ltr'>perfudit</span> <span class='ocrx_word' id='word_1_35' title='bbox 752 533 910 564; x_wconf 79' lang='lat' dir='ltr'>nectare</span> <span class='ocrx_word' id='word_1_36' title='bbox 940 526 1116 573; x_wconf 86' lang='lat' dir='ltr'>Vestam,</span> 
     </span>
    </p>

    <p class='ocr_par' dir='ltr' id='par_1_3' title="bbox 34 591 1236 708">
     <span class='ocr_line' id='line_1_7' title="bbox 34 591 1236 633; baseline 0.002 -4"><span class='ocrx_word' id='word_1_37' title='bbox 34 595 97 630; x_wconf 83' lang='lat' dir='ltr'>ter</span> <span class='ocrx_word' id='word_1_38' title='bbox 125 591 283 630; x_wconf 89' lang='lat' dir='ltr'>flamma</span> <span class='ocrx_word' id='word_1_39' title='bbox 312 591 361 629; x_wconf 84' lang='lat' dir='ltr'>ad</span> <span class='ocrx_word' id='word_1_40' title='bbox 391 605 591 630; x_wconf 88' lang='lat' dir='ltr'>summum</span> <span class='ocrx_word' id='word_1_41' title='bbox 621 592 716 630; x_wconf 86' lang='lat' dir='ltr'>tecti</span> <span class='ocrx_word' id='word_1_42' title='bbox 747 592 924 630; x_wconf 87' lang='lat' dir='ltr'>subiecta</span> <span class='ocrx_word' id='word_1_43' title='bbox 953 592 1110 630; x_wconf 85' lang='lat' dir='ltr'>reluxit.</span> <span class='ocrx_word' id='word_1_44' title='bbox 1176 593 1236 633; x_wconf 80' lang='grc'>385</span> 
     </span>
     <span class='ocr_line' id='line_1_8' title="bbox 35 657 1039 708; baseline 0 -13"><span class='ocrx_word' id='word_1_45' title='bbox 35 657 166 696; x_wconf 91' lang='lat' dir='ltr'>omine</span> <span class='ocrx_word' id='word_1_46' title='bbox 196 670 274 708; x_wconf 91' lang='lat' dir='ltr'>quo</span> <span class='ocrx_word' id='word_1_47' title='bbox 303 658 464 695; x_wconf 86' lang='lat' dir='ltr'>firmans</span> <span class='ocrx_word' id='word_1_48' title='bbox 494 657 670 695; x_wconf 88' lang='lat' dir='ltr'>animum</span> <span class='ocrx_word' id='word_1_49' title='bbox 700 657 754 695; x_wconf 83' lang='lat' dir='ltr'>sic</span> <span class='ocrx_word' id='word_1_50' title='bbox 784 658 926 708; x_wconf 86' lang='lat' dir='ltr'>incipit</span> <span class='ocrx_word' id='word_1_51' title='bbox 954 658 1039 708; x_wconf 90' lang='lat' dir='ltr'>ipsa</span> 
     </span>
    </p>

    <p class='ocr_par' dir='ltr' id='par_1_4' title="bbox 37 722 991 774">
     <span class='ocr_line' id='line_1_9' title="bbox 37 722 991 774; baseline 0.001 -13"><span class='ocrx_word' id='word_1_52' title='bbox 37 726 120 761; x_wconf 87' lang='lat' dir='ltr'>‘est</span> <span class='ocrx_word' id='word_1_53' title='bbox 149 723 190 760; x_wconf 90' lang='lat' dir='ltr'>in</span> <span class='ocrx_word' id='word_1_54' title='bbox 222 722 439 773; x_wconf 87' lang='lat' dir='ltr'>Carpathio</span> <span class='ocrx_word' id='word_1_55' title='bbox 468 722 650 773; x_wconf 83' lang='lat' dir='ltr'>Neptuni</span> <span class='ocrx_word' id='word_1_56' title='bbox 680 723 837 774; x_wconf 78' lang='lat' dir='ltr'>gurgite</span> <span class='ocrx_word' id='word_1_57' title='bbox 867 728 991 769; x_wconf 87' lang='lat' dir='ltr'>vates,</span> 
     </span>
    </p>

    <p class='ocr_par' dir='ltr' id='par_1_5' title="bbox 35 787 1146 839">
     <span class='ocr_line' id='line_1_10' title="bbox 35 787 1146 839; baseline 0.001 -13"><span class='ocrx_word' id='word_1_58' title='bbox 35 787 238 826; x_wconf 89' lang='lat' dir='ltr'>caeruleus</span> <span class='ocrx_word' id='word_1_59' title='bbox 268 788 448 835; x_wconf 75' lang='lat' dir='ltr'>Proteus,</span> <span class='ocrx_word' id='word_1_60' title='bbox 480 801 668 839; x_wconf 81' lang='lat' dir='ltr'>magnum</span> <span class='ocrx_word' id='word_1_61' title='bbox 698 789 766 838; x_wconf 91' lang='lat' dir='ltr'>qui</span> <span class='ocrx_word' id='word_1_62' title='bbox 796 789 969 839; x_wconf 80' lang='lat' dir='ltr'>piscibus</span> <span class='ocrx_word' id='word_1_63' title='bbox 998 801 1146 839; x_wconf 90' lang='lat' dir='ltr'>aequor</span> 
     </span>
    </p>

    <p class='ocr_par' dir='ltr' id='par_1_6' title="bbox 35 853 1035 905">
     <span class='ocr_line' id='line_1_11' title="bbox 35 853 1035 905; baseline 0.001 -14"><span class='ocrx_word' id='word_1_64' title='bbox 35 858 76 891; x_wconf 90' lang='lat' dir='ltr'>et</span> <span class='ocrx_word' id='word_1_65' title='bbox 103 853 239 892; x_wconf 90' lang='lat' dir='ltr'>iuncto</span> <span class='ocrx_word' id='word_1_66' title='bbox 268 853 459 904; x_wconf 89' lang='lat' dir='ltr'>bipedum</span> <span class='ocrx_word' id='word_1_67' title='bbox 490 867 609 892; x_wconf 87' lang='lat' dir='ltr'>curru</span> <span class='ocrx_word' id='word_1_68' title='bbox 637 854 804 892; x_wconf 89' lang='lat' dir='ltr'>metitur</span> <span class='ocrx_word' id='word_1_69' title='bbox 832 867 1035 905; x_wconf 86' lang='lat' dir='ltr'>equorum.</span> 
     </span>
    </p>

    <p class='ocr_par' dir='ltr' id='par_1_7' title="bbox 34 918 1238 1429">
     <span class='ocr_line' id='line_1_12' title="bbox 34 918 1238 970; baseline 0.003 -14"><span class='ocrx_word' id='word_1_70' title='bbox 34 918 97 956; x_wconf 87' lang='lat' dir='ltr'>hic</span> <span class='ocrx_word' id='word_1_71' title='bbox 127 932 231 956; x_wconf 91' lang='lat' dir='ltr'>nunc</span> <span class='ocrx_word' id='word_1_72' title='bbox 260 918 469 957; x_wconf 73' lang='lat' dir='ltr'>Emathiae</span> <span class='ocrx_word' id='word_1_73' title='bbox 498 924 637 969; x_wconf 86' lang='lat' dir='ltr'>portus</span> <span class='ocrx_word' id='word_1_74' title='bbox 667 919 918 970; x_wconf 79' lang='lat' dir='ltr'>patriamque</span> <span class='ocrx_word' id='word_1_75' title='bbox 948 919 1087 958; x_wconf 89' lang='lat' dir='ltr'>revisit</span> <span class='ocrx_word' id='word_1_76' title='bbox 1175 928 1238 960; x_wconf 85' lang='lat'>390</span> 
     </span>
     <span class='ocr_line' id='line_1_13' title="bbox 35 983 1156 1036; baseline 0 -14"><span class='ocrx_word' id='word_1_77' title='bbox 35 983 225 1022; x_wconf 87' lang='lat' dir='ltr'>Pallenen</span> <span class='ocrx_word' id='word_1_78' title='bbox 241 999 250 1032; x_wconf 79' lang='lat'><em>3</em></span> <span class='ocrx_word' id='word_1_79' title='bbox 291 984 395 1022; x_wconf 88' lang='lat' dir='ltr'>hunc</span> <span class='ocrx_word' id='word_1_80' title='bbox 425 990 466 1022; x_wconf 91' lang='lat' dir='ltr'>et</span> <span class='ocrx_word' id='word_1_81' title='bbox 494 984 708 1036; x_wconf 84' lang='lat' dir='ltr'>Nymphae</span> <span class='ocrx_word' id='word_1_82' title='bbox 738 997 975 1023; x_wconf 80' lang='lat' dir='ltr'>veneramur</span> <span class='ocrx_word' id='word_1_83' title='bbox 1004 990 1044 1023; x_wconf 92' lang='lat' dir='ltr'>et</span> <span class='ocrx_word' id='word_1_84' title='bbox 1072 984 1156 1036; x_wconf 82' lang='lat' dir='ltr'>ipse</span> 
     </span>
     <span class='ocr_line' id='line_1_14' title="bbox 34 1049 1161 1101; baseline 0 -13"><span class='ocrx_word' id='word_1_85' title='bbox 34 1049 283 1101; x_wconf 83' lang='lat' dir='ltr'>grandaevus</span> <span class='ocrx_word' id='word_1_86' title='bbox 314 1049 497 1097; x_wconf 87' lang='lat' dir='ltr'>Nereus;</span> <span class='ocrx_word' id='word_1_87' title='bbox 537 1051 651 1089; x_wconf 86' lang='lat' dir='ltr'>novit</span> <span class='ocrx_word' id='word_1_88' title='bbox 680 1063 850 1101; x_wconf 85' lang='lat' dir='ltr'>namque</span> <span class='ocrx_word' id='word_1_89' title='bbox 880 1050 1012 1088; x_wconf 86' lang='lat' dir='ltr'>omnia</span> <span class='ocrx_word' id='word_1_90' title='bbox 1040 1055 1161 1098; x_wconf 86' lang='lat' dir='ltr'>vates,</span> 
     </span>
     <span class='ocr_line' id='line_1_15' title="bbox 35 1115 1213 1166; baseline 0.001 -13"><span class='ocrx_word' id='word_1_91' title='bbox 35 1128 135 1166; x_wconf 91' lang='lat' dir='ltr'>quae</span> <span class='ocrx_word' id='word_1_92' title='bbox 156 1116 246 1163; x_wconf 84' lang='lat' dir='ltr'>sint,</span> <span class='ocrx_word' id='word_1_93' title='bbox 271 1128 371 1166; x_wconf 88' lang='lat' dir='ltr'>quae</span> <span class='ocrx_word' id='word_1_94' title='bbox 392 1115 554 1164; x_wconf 85' lang='lat' dir='ltr'>fuerint,</span> <span class='ocrx_word' id='word_1_95' title='bbox 573 1129 675 1166; x_wconf 90' lang='lat' dir='ltr'>quae</span> <span class='ocrx_word' id='word_1_96' title='bbox 696 1129 789 1154; x_wconf 84' lang='lat' dir='ltr'>mox</span> <span class='ocrx_word' id='word_1_97' title='bbox 810 1121 979 1154; x_wconf 85' lang='lat' dir='ltr'>ventura</span> <span class='ocrx_word' id='word_1_98' title='bbox 999 1115 1213 1154; x_wconf 85' lang='lat' dir='ltr'>trahantur</span> 
     </span>
     <span class='ocr_line' id='line_1_16' title="bbox 34 1181 1101 1232; baseline 0 -13"><span class='ocrx_word' id='word_1_99' title='bbox 34 1181 183 1232; x_wconf 89' lang='lat' dir='ltr'>quippe</span> <span class='ocrx_word' id='word_1_100' title='bbox 213 1181 270 1219; x_wconf 84' lang='lat' dir='ltr'>ita</span> <span class='ocrx_word' id='word_1_101' title='bbox 299 1181 490 1232; x_wconf 87' lang='lat' dir='ltr'>Neptuno</span> <span class='ocrx_word' id='word_1_102' title='bbox 520 1181 650 1219; x_wconf 87' lang='lat' dir='ltr'>visum</span> <span class='ocrx_word' id='word_1_103' title='bbox 681 1186 752 1229; x_wconf 76' lang='lat' dir='ltr'>est,</span> <span class='ocrx_word' id='word_1_104' title='bbox 785 1181 960 1219; x_wconf 89' lang='lat' dir='ltr'>inmania</span> <span class='ocrx_word' id='word_1_105' title='bbox 991 1181 1101 1219; x_wconf 84' lang='lat' dir='ltr'>cuius</span> 
     </span>
     <span class='ocr_line' id='line_1_17' title="bbox 34 1247 1236 1298; baseline 0.003 -14"><span class='ocrx_word' id='word_1_106' title='bbox 34 1252 215 1285; x_wconf 84' lang='lat' dir='ltr'>armenta</span> <span class='ocrx_word' id='word_1_107' title='bbox 245 1251 284 1284; x_wconf 84' lang='lat' dir='ltr'>et</span> <span class='ocrx_word' id='word_1_108' title='bbox 313 1251 450 1297; x_wconf 86' lang='lat' dir='ltr'>turpes</span> <span class='ocrx_word' id='word_1_109' title='bbox 480 1247 607 1297; x_wconf 87' lang='lat' dir='ltr'>pascit</span> <span class='ocrx_word' id='word_1_110' title='bbox 635 1247 708 1285; x_wconf 90' lang='lat' dir='ltr'>sub</span> <span class='ocrx_word' id='word_1_111' title='bbox 737 1247 895 1298; x_wconf 80' lang='lat' dir='ltr'>gurgite</span> <span class='ocrx_word' id='word_1_112' title='bbox 924 1247 1080 1298; x_wconf 69' lang='lat' dir='ltr'>phocas</span> <span class='ocrx_word' id='word_1_113' title='bbox 1175 1254 1236 1289; x_wconf 83' lang='lat'>395</span> 
     </span>
     <span class='ocr_line' id='line_1_18' title="bbox 35 1311 1182 1363; baseline 0 -13"><span class='ocrx_word' id='word_1_114' title='bbox 35 1311 98 1350; x_wconf 81' lang='lat' dir='ltr'>hic</span> <span class='ocrx_word' id='word_1_115' title='bbox 127 1312 211 1359; x_wconf 86' lang='lat' dir='ltr'>tibi,</span> <span class='ocrx_word' id='word_1_116' title='bbox 246 1317 348 1359; x_wconf 88' lang='lat' dir='ltr'>nate,</span> <span class='ocrx_word' id='word_1_117' title='bbox 383 1312 491 1363; x_wconf 87' lang='lat' dir='ltr'>prius</span> <span class='ocrx_word' id='word_1_118' title='bbox 521 1311 661 1350; x_wconf 89' lang='lat' dir='ltr'>vinclis</span> <span class='ocrx_word' id='word_1_119' title='bbox 691 1312 918 1363; x_wconf 82' lang='lat' dir='ltr'>capiendus,</span> <span class='ocrx_word' id='word_1_120' title='bbox 950 1317 996 1350; x_wconf 90' lang='lat' dir='ltr'>ut</span> <span class='ocrx_word' id='word_1_121' title='bbox 1025 1325 1182 1351; x_wconf 90' lang='lat' dir='ltr'>omnem</span> 
     </span>
     <span class='ocr_line' id='line_1_19' title="bbox 36 1377 1071 1429; baseline 0 -13"><span class='ocrx_word' id='word_1_122' title='bbox 36 1377 223 1429; x_wconf 88' lang='lat' dir='ltr'>expediat</span> <span class='ocrx_word' id='word_1_123' title='bbox 251 1378 379 1417; x_wconf 88' lang='lat' dir='ltr'>morbi</span> <span class='ocrx_word' id='word_1_124' title='bbox 409 1391 566 1416; x_wconf 84' lang='lat' dir='ltr'>causam</span> <span class='ocrx_word' id='word_1_125' title='bbox 597 1383 843 1428; x_wconf 78' lang='lat' dir='ltr'>eventusque</span> <span class='ocrx_word' id='word_1_126' title='bbox 872 1377 1071 1416; x_wconf 85' lang='lat' dir='ltr'>secundet.</span> 
     </span>
    </p>

    <p class='ocr_par' dir='ltr' id='par_1_8' title="bbox 35 1443 1213 1561">
     <span class='ocr_line' id='line_1_20' title="bbox 35 1443 1213 1494; baseline 0 -13"><span class='ocrx_word' id='word_1_127' title='bbox 35 1456 126 1481; x_wconf 90' lang='lat' dir='ltr'>nam</span> <span class='ocrx_word' id='word_1_128' title='bbox 156 1444 239 1482; x_wconf 83' lang='lat' dir='ltr'>sine</span> <span class='ocrx_word' id='word_1_129' title='bbox 260 1445 299 1482; x_wconf 91' lang='lat' dir='ltr'>vi</span> <span class='ocrx_word' id='word_1_130' title='bbox 329 1457 408 1483; x_wconf 91' lang='lat' dir='ltr'>non</span> <span class='ocrx_word' id='word_1_131' title='bbox 437 1443 518 1482; x_wconf 87' lang='lat' dir='ltr'>ulla</span> <span class='ocrx_word' id='word_1_132' title='bbox 547 1443 660 1481; x_wconf 86' lang='lat' dir='ltr'>dabit</span> <span class='ocrx_word' id='word_1_133' title='bbox 689 1448 909 1494; x_wconf 85' lang='lat' dir='ltr'>praecepta,</span> <span class='ocrx_word' id='word_1_134' title='bbox 942 1456 1070 1494; x_wconf 88' lang='lat' dir='ltr'>neque</span> <span class='ocrx_word' id='word_1_135' title='bbox 1099 1443 1213 1481; x_wconf 89' lang='lat' dir='ltr'>illum</span> 
     </span>
     <span class='ocr_line' id='line_1_21' title="bbox 36 1509 1070 1561; baseline 0 -13"><span class='ocrx_word' id='word_1_136' title='bbox 36 1509 186 1548; x_wconf 84' lang='lat' dir='ltr'>orando</span> <span class='ocrx_word' id='word_1_137' title='bbox 216 1510 349 1548; x_wconf 84' lang='lat' dir='ltr'>flectes</span> <span class='ocrx_word' id='word_1_138' title='bbox 364 1524 374 1557; x_wconf 78' lang='lat'><em>3</em></span> <span class='ocrx_word' id='word_1_139' title='bbox 415 1509 496 1548; x_wconf 80' lang='lat' dir='ltr'>vini</span> <span class='ocrx_word' id='word_1_140' title='bbox 525 1509 666 1547; x_wconf 86' lang='lat' dir='ltr'>duram</span> <span class='ocrx_word' id='word_1_141' title='bbox 697 1514 737 1547; x_wconf 90' lang='lat' dir='ltr'>et</span> <span class='ocrx_word' id='word_1_142' title='bbox 765 1509 925 1547; x_wconf 86' lang='lat' dir='ltr'>vincula</span> <span class='ocrx_word' id='word_1_143' title='bbox 954 1514 1070 1561; x_wconf 86' lang='lat' dir='ltr'>capto</span> 
     </span>
    </p>

    <p class='ocr_par' dir='ltr' id='par_1_9' title="bbox 35 1574 1233 1822">
     <span class='ocr_line' id='line_1_22' title="bbox 35 1574 1208 1626; baseline 0.001 -14"><span class='ocrx_word' id='word_1_144' title='bbox 35 1575 156 1614; x_wconf 90' lang='lat' dir='ltr'>tende</span> <span class='ocrx_word' id='word_1_145' title='bbox 173 1590 182 1623; x_wconf 78' lang='lat'><em>3</em></span> <span class='ocrx_word' id='word_1_146' title='bbox 222 1575 304 1614; x_wconf 90' lang='lat' dir='ltr'>doli</span> <span class='ocrx_word' id='word_1_147' title='bbox 334 1575 481 1613; x_wconf 83' lang='lat' dir='ltr'>circum</span> <span class='ocrx_word' id='word_1_148' title='bbox 511 1575 605 1613; x_wconf 89' lang='lat' dir='ltr'>haec</span> <span class='ocrx_word' id='word_1_149' title='bbox 634 1574 795 1613; x_wconf 87' lang='lat' dir='ltr'>demum</span> <span class='ocrx_word' id='word_1_150' title='bbox 825 1575 1033 1626; x_wconf 81' lang='lat' dir='ltr'>fragentur</span> <span class='ocrx_word' id='word_1_151' title='bbox 1061 1575 1208 1614; x_wconf 88' lang='lat' dir='ltr'>inanes.</span> 
     </span>
     <span class='ocr_line' id='line_1_23' title="bbox 36 1640 1232 1693; baseline 0.002 -15"><span class='ocrx_word' id='word_1_152' title='bbox 36 1641 121 1691; x_wconf 86' lang='lat' dir='ltr'>ipsa</span> <span class='ocrx_word' id='word_1_153' title='bbox 150 1654 222 1693; x_wconf 82' lang='lat' dir='ltr'>ego</span> <span class='ocrx_word' id='word_1_154' title='bbox 251 1645 303 1687; x_wconf 77' lang='lat' dir='ltr'>te,</span> <span class='ocrx_word' id='word_1_155' title='bbox 334 1640 485 1679; x_wconf 87' lang='lat' dir='ltr'>medios</span> <span class='ocrx_word' id='word_1_156' title='bbox 516 1654 604 1679; x_wconf 88' lang='lat' dir='ltr'>cum</span> <span class='ocrx_word' id='word_1_157' title='bbox 634 1640 693 1679; x_wconf 86' lang='lat' dir='ltr'>sol</span> <span class='ocrx_word' id='word_1_158' title='bbox 722 1640 948 1679; x_wconf 85' lang='lat' dir='ltr'>accenderit</span> <span class='ocrx_word' id='word_1_159' title='bbox 976 1645 1121 1687; x_wconf 87' lang='lat' dir='ltr'>aestus,</span> <span class='ocrx_word' id='word_1_160' title='bbox 1173 1650 1232 1680; x_wconf 86' lang='lat'>401</span> 
     </span>
     <span class='ocr_line' id='line_1_24' title="bbox 36 1705 1233 1758; baseline 0 -13"><span class='ocrx_word' id='word_1_161' title='bbox 36 1720 126 1745; x_wconf 84' lang='lat' dir='ltr'>cum</span> <span class='ocrx_word' id='word_1_162' title='bbox 150 1707 294 1745; x_wconf 88' lang='lat' dir='ltr'>sitiunt</span> <span class='ocrx_word' id='word_1_163' title='bbox 321 1705 465 1745; x_wconf 85' lang='lat' dir='ltr'>herbae</span> <span class='ocrx_word' id='word_1_164' title='bbox 493 1711 533 1744; x_wconf 91' lang='lat' dir='ltr'>et</span> <span class='ocrx_word' id='word_1_165' title='bbox 560 1706 689 1758; x_wconf 87' lang='lat' dir='ltr'>pecori</span> <span class='ocrx_word' id='word_1_166' title='bbox 717 1706 794 1744; x_wconf 89' lang='lat' dir='ltr'>iam</span> <span class='ocrx_word' id='word_1_167' title='bbox 822 1706 973 1757; x_wconf 83' lang='lat' dir='ltr'>gratior</span> <span class='ocrx_word' id='word_1_168' title='bbox 998 1706 1139 1745; x_wconf 87' lang='lat' dir='ltr'>umbra</span> <span class='ocrx_word' id='word_1_169' title='bbox 1163 1711 1233 1754; x_wconf 84' lang='lat' dir='ltr'>est,</span> 
     </span>
     <span class='ocr_line' id='line_1_25' title="bbox 36 1771 1063 1822; baseline 0.001 -12"><span class='ocrx_word' id='word_1_170' title='bbox 36 1772 77 1810; x_wconf 92' lang='lat' dir='ltr'>in</span> <span class='ocrx_word' id='word_1_171' title='bbox 107 1778 256 1812; x_wconf 86' lang='lat' dir='ltr'>secreta</span> <span class='ocrx_word' id='word_1_172' title='bbox 286 1773 389 1810; x_wconf 84' lang='lat' dir='ltr'>senis</span> <span class='ocrx_word' id='word_1_173' title='bbox 417 1772 571 1820; x_wconf 83' lang='lat' dir='ltr'>ducam,</span> <span class='ocrx_word' id='word_1_174' title='bbox 602 1785 681 1822; x_wconf 92' lang='lat' dir='ltr'>quo</span> <span class='ocrx_word' id='word_1_175' title='bbox 710 1772 837 1810; x_wconf 88' lang='lat' dir='ltr'>fessus</span> <span class='ocrx_word' id='word_1_176' title='bbox 866 1772 917 1810; x_wconf 90' lang='lat' dir='ltr'>ab</span> <span class='ocrx_word' id='word_1_177' title='bbox 945 1771 1063 1811; x_wconf 87' lang='lat' dir='ltr'>undis</span> 
     </span>
    </p>

    <p class='ocr_par' dir='ltr' id='par_1_10' title="bbox 36 1837 1240 2086">
     <span class='ocr_line' id='line_1_26' title="bbox 37 1837 1139 1889; baseline -0.002 -11"><span class='ocrx_word' id='word_1_178' title='bbox 37 1852 77 1878; x_wconf 84' lang='lat' dir='ltr'>se</span> <span class='ocrx_word' id='word_1_179' title='bbox 106 1839 257 1889; x_wconf 88' lang='lat' dir='ltr'>recipit,</span> <span class='ocrx_word' id='word_1_180' title='bbox 289 1838 402 1877; x_wconf 85' lang='lat' dir='ltr'>facile</span> <span class='ocrx_word' id='word_1_181' title='bbox 431 1843 478 1876; x_wconf 90' lang='lat' dir='ltr'>ut</span> <span class='ocrx_word' id='word_1_182' title='bbox 507 1851 644 1876; x_wconf 86' lang='lat' dir='ltr'>somno</span> <span class='ocrx_word' id='word_1_183' title='bbox 673 1837 906 1889; x_wconf 77' lang='lat' dir='ltr'>adgrediare</span> <span class='ocrx_word' id='word_1_184' title='bbox 935 1838 1139 1876; x_wconf 88' lang='lat' dir='ltr'>iacentem.</span> 
     </span>
     <span class='ocr_line' id='line_1_27' title="bbox 36 1903 1186 1954; baseline 0 -12"><span class='ocrx_word' id='word_1_185' title='bbox 36 1917 175 1943; x_wconf 90' lang='lat' dir='ltr'>verum</span> <span class='ocrx_word' id='word_1_186' title='bbox 204 1904 271 1942; x_wconf 89' lang='lat' dir='ltr'>ubi</span> <span class='ocrx_word' id='word_1_187' title='bbox 302 1909 528 1954; x_wconf 89' lang='lat' dir='ltr'>correptum</span> <span class='ocrx_word' id='word_1_188' title='bbox 557 1903 741 1941; x_wconf 85' lang='lat' dir='ltr'>manibus</span> <span class='ocrx_word' id='word_1_189' title='bbox 771 1903 990 1954; x_wconf 85' lang='lat' dir='ltr'>vinclisque</span> <span class='ocrx_word' id='word_1_190' title='bbox 1021 1904 1186 1951; x_wconf 83' lang='lat' dir='ltr'>tenebis,</span> 
     </span>
     <span class='ocr_line' id='line_1_28' title="bbox 37 1969 1240 2020; baseline 0.001 -11"><span class='ocrx_word' id='word_1_191' title='bbox 37 1976 124 2010; x_wconf 89' lang='lat' dir='ltr'>tum</span> <span class='ocrx_word' id='word_1_192' title='bbox 153 1970 285 2009; x_wconf 88' lang='lat' dir='ltr'>variae</span> <span class='ocrx_word' id='word_1_193' title='bbox 315 1969 479 2008; x_wconf 89' lang='lat' dir='ltr'>eludent</span> <span class='ocrx_word' id='word_1_194' title='bbox 509 1970 657 2020; x_wconf 85' lang='lat' dir='ltr'>species</span> <span class='ocrx_word' id='word_1_195' title='bbox 687 1974 807 2020; x_wconf 86' lang='lat' dir='ltr'>atque</span> <span class='ocrx_word' id='word_1_196' title='bbox 839 1982 907 2008; x_wconf 87' lang='lat' dir='ltr'>ora</span> <span class='ocrx_word' id='word_1_197' title='bbox 936 1970 1119 2008; x_wconf 85' lang='lat' dir='ltr'>ferarum.</span> <span class='ocrx_word' id='word_1_198' title='bbox 1175 1969 1240 2010; x_wconf 82' lang='lat'>405</span> 
     </span>
     <span class='ocr_line' id='line_1_29' title="bbox 38 2035 1050 2086; baseline -0.001 -12"><span class='ocrx_word' id='word_1_199' title='bbox 38 2036 106 2074; x_wconf 86' lang='lat' dir='ltr'>fiet</span> <span class='ocrx_word' id='word_1_200' title='bbox 136 2037 240 2074; x_wconf 91' lang='lat' dir='ltr'>enim</span> <span class='ocrx_word' id='word_1_201' title='bbox 270 2035 402 2074; x_wconf 85' lang='lat' dir='ltr'>subito</span> <span class='ocrx_word' id='word_1_202' title='bbox 432 2049 497 2073; x_wconf 82' lang='lat' dir='ltr'>sus</span> <span class='ocrx_word' id='word_1_203' title='bbox 527 2035 712 2073; x_wconf 87' lang='lat' dir='ltr'>horridus</span> <span class='ocrx_word' id='word_1_204' title='bbox 742 2040 907 2086; x_wconf 84' lang='lat' dir='ltr'>atraque</span> <span class='ocrx_word' id='word_1_205' title='bbox 937 2035 1050 2086; x_wconf 84' lang='lat' dir='ltr'>tigris</span> 
     </span>
    </p>
   </div>
  </div>
 </body>
</html>
