1429 2255
139 154 159 183 4
486 153 521 184 P.
552 152 752 185 VERGILI
779 152 997 185 MARONIS

139 254 225 288 tum
254 249 435 301 trepidae
464 250 569 288 inter
598 263 639 288 se
669 254 814 288 coeunt
842 250 1054 301 pinnisque
1084 256 1290 289 coruscant

138 315 367 367 spiculaque
397 321 597 353 exacuunt
627 315 766 354 rostris
796 320 1016 366 aptantque
1046 315 1224 360 lacertos,

138 386 178 419 ct
208 381 308 419 circa
337 393 448 432 reges
478 381 563 431 ipsa
592 381 641 419 ad
671 381 870 432 praetoria
899 381 1044 420 densae
1304 388 1343 422 75

138 447 356 485 miscentur
385 446 618 498 magnisque
649 452 794 485 vocant
824 446 1060 485 clamoribus
1090 446 1256 485 hostem.

139 525 232 563 ergo
261 512 329 550 ubi
362 525 430 550 ver
461 517 599 550 nactae
629 512 775 550 sudum
805 525 1043 563 camposque
1072 516 1266 563 patentes,

138 582 355 628 erumpunt
385 577 532 628 portis:
564 577 815 616 concurritur
843 577 1004 615 aethere
1034 578 1075 615 in
1105 577 1214 625 alt03

138 643 182 680 fit
212 643 365 681 sonitus
379 657 389 690 3
418 656 608 694 magnum
637 643 788 681 mixtae
817 642 1092 694 glomerantur
1121 643 1161 680 in
1190 642 1326 681 orbem

138 708 456 759 praecipitesque
487 707 634 747 cadunt
651 724 660 757 3
690 722 769 747 non
799 708 960 747 densior
988 711 1077 746 aere
1106 708 1257 759 grando
1304 708 1346 740 80

139 787 209 812 nec
239 773 288 812 de
318 787 507 812 concussa
535 779 694 812 tantum
725 773 829 825 pluit
858 773 946 812 ilice
975 773 1141 824 glandis.

138 839 213 890 ipsi
243 852 313 890 per
342 839 493 878 medias
523 840 625 877 acies
655 839 880 890 insignibus
910 838 982 876 alis

137 905 320 956 ingentes
349 905 502 944 animos
532 910 702 956 angusto
731 905 772 943 in
802 910 962 956 pectore
992 909 1163 951 versant,

137 983 263 1021 usque
292 970 391 1009 adeo
421 971 558 1009 obnixi
589 984 667 1009 non
698 971 847 1018 cedere,
879 970 975 1008 dum
1005 970 1136 1021 gravis
1165 975 1235 1008 aut
1263 970 1334 1008 hos

136 1042 207 1074 aut
237 1036 307 1074 hos
338 1050 452 1075 versa
481 1037 574 1088 fuga
603 1037 730 1075 victor
758 1036 853 1075 dare
883 1042 995 1087 terga
1025 1035 1192 1087 subegit.
1304 1035 1344 1078 85

138 1102 178 1140 hi
208 1107 341 1140 motus
370 1102 593 1140 animorum
624 1108 745 1153 atque
774 1102 869 1140 haec
899 1101 1115 1139 certamina
1143 1106 1255 1140 tanta

137 1167 313 1219 pulveris
344 1168 478 1219 exigui
508 1168 616 1206 iactu
645 1180 867 1218 compressa
896 1167 1119 1218 quiescunt.

191 1247 330 1272 verum
360 1233 428 1272 ubi
455 1233 639 1271 ductores
668 1233 750 1271 acie
780 1233 1025 1271 revocaveris
1054 1232 1180 1280 ambo,

138 1300 312 1338 deterior
341 1299 409 1350 qui
439 1299 557 1345 visus,
590 1312 690 1346 eum,
724 1311 772 1336 ne
802 1297 992 1349 prodigus
1022 1298 1136 1343 obsit,

137 1365 240 1404 dede
269 1365 356 1403 neci
372 1380 381 1413 3
410 1363 550 1402 melior
579 1377 702 1402 vacua
731 1364 815 1402 sine
844 1368 985 1414 regnet
1013 1363 1053 1401 in
1083 1363 1180 1401 aula.
1304 1372 1347 1403 90

138 1431 240 1470 alter
270 1431 345 1469 erit
374 1429 539 1468 maculis
568 1443 664 1468 auro
695 1429 970 1480 squalentibus
999 1429 1142 1467 ardens
1157 1443 1166 1475 3

138 1511 230 1535 nam
261 1496 341 1535 duo
371 1501 465 1534 sunt
494 1508 662 1547 genera:
692 1495 755 1533 hie
784 1494 934 1541 melior,
968 1495 1133 1545 insignis
1164 1499 1204 1532 et
1233 1507 1299 1532 ore

140 1568 181 1601 et
209 1562 341 1600 rutilis
372 1561 500 1600 clarus
531 1561 732 1612 squamis;
760 1560 827 1598 ille
857 1560 1042 1598 horridus
1071 1559 1172 1597 alter

138 1628 301 1675 desidia,
335 1627 537 1678 latamque
567 1626 731 1665 trahens
760 1625 953 1676 inglorius
981 1625 1126 1663 alvum.

139 1699 185 1733 ut
213 1694 329 1732 binae
359 1706 497 1745 regum
526 1692 656 1739 facies,
689 1692 745 1730 ita
775 1704 938 1742 corpora
968 1691 1104 1742 plebis.
1303 1696 1344 1731 95

140 1772 311 1810 namque
340 1759 440 1797 aliae
469 1764 608 1809 turpes
638 1758 814 1804 horrent,
846 1770 918 1795 ceu
947 1756 1111 1806 pulvere
1140 1755 1189 1794 ab
1219 1755 1300 1794 alto

140 1839 226 1864 cum
258 1824 370 1863 venit
399 1830 440 1862 et
469 1824 569 1862 sicco
599 1828 746 1862 terram
776 1823 885 1873 spuit
914 1835 980 1860 ore
1010 1822 1140 1860 viator

138 1891 275 1930 aridus
290 1905 300 1939 3
330 1889 488 1929 elucent
516 1889 616 1928 aliae
647 1894 687 1927 et
716 1888 869 1940 fulgore
899 1893 1117 1934 coruscant,

138 1957 325 1996 ardentes
354 1969 451 1995 auro
481 1960 521 1994 et
549 1955 711 2006 paribus
740 1954 812 1992 lita
842 1967 1005 2005 corpora
1034 1953 1168 2005 guttis.

139 2023 235 2061 haec
266 2023 397 2073 potior
426 2021 593 2066 suboles,
626 2021 716 2058 hinc
746 2019 841 2058 caeli
872 2025 1050 2070 tempore
1080 2023 1187 2057 certo
1286 2026 1345 2049 100
