1429 2255
130 165 168 195 12
474 165 509 196 P.
536 165 737 197 VERGILI
764 167 982 199 MARONIS

126 261 424 313 parietibusque
453 267 641 313 premunt
669 263 767 301 artis
798 271 838 301 ct
868 270 1058 314 quattuor
1086 265 1251 314 addunt,

126 333 318 378 quattuor
347 342 369 366 a
400 329 528 366 ventis
559 328 721 379 obliqua
750 329 836 367 luce
866 329 1067 368 fenestras

126 398 212 430 tum
243 393 393 432 vitulus
423 394 529 431 bima
558 407 726 432 curvans
756 394 834 432 iam
865 407 1011 433 cornua
1040 396 1170 434 fronte

126 459 360 509 quaeritur;
399 459 489 496 huic
519 460 699 509 geminae
729 473 843 499 nares
873 466 914 498 et
943 461 1106 511 spiritus
1136 462 1213 499 oris
1266 482 1328 514 300

127 524 255 562 multa
284 524 497 562 reluctanti
529 525 762 572 obstruitur,
795 525 1001 577 plagisque
1031 533 1237 578 perempto

127 595 244 628 tunsa
274 603 343 640 per
372 590 568 640 integram
598 591 810 629 solvuntur
839 592 990 630 viscera
1019 593 1172 643 pellem.

127 655 181 693 sic
212 655 386 705 positum
415 656 454 693 in
487 655 618 694 clauso
647 656 837 707 linquunt
867 662 907 695 et
936 670 1068 696 ramea
1097 659 1215 696 costis

127 720 328 758 subiciunt
357 721 589 771 fragmenta,
623 721 809 772 thymum
839 722 1041 773 casiasque
1071 728 1257 762 recentes.

128 785 200 824 hoc
230 787 382 837 geritur
413 786 607 837 Zephyris
638 788 811 838 primum
841 787 1126 839 inpellentibus
1155 790 1293 838 undas,

127 857 220 888 ante
251 852 364 889 novis
395 852 564 890 rubeant
594 866 712 903 quam
742 858 856 904 prata
886 853 1094 901 coloribus,
1127 860 1220 893 ante
1268 866 1328 906 306

126 916 286 967 garrula
315 930 435 967 quam
464 918 586 967 tignis
617 918 756 956 nidum
787 919 1006 970 suspendat
1034 919 1218 958 hirundo.

127 982 278 1020 interea
307 983 454 1021 teneris
486 983 706 1033 tepefactus
735 984 776 1021 in
807 984 960 1023 ossibus
989 997 1104 1023 umor

127 1053 294 1094 aestuat,
328 1054 368 1086 et
398 1048 561 1087 visenda
591 1049 718 1087 modis
748 1049 934 1088 animalia
963 1050 1084 1096 miris,

128 1118 269 1151 trunca
298 1113 445 1164 pedum
476 1114 603 1164 primo
633 1128 726 1153 mox
757 1120 796 1153 et
825 1115 1036 1154 stridentia
1066 1115 1209 1166 pinnis,
1267 1135 1330 1168 310

128 1179 356 1225 miscentur,
389 1184 630 1230 tenuemque
661 1181 785 1231 magis
816 1182 939 1232 magis
969 1185 1060 1219 aera
1089 1186 1267 1233 carpunt,

128 1244 262 1291 donec,
298 1249 342 1282 ut
369 1245 531 1283 aestivis
561 1246 707 1284 effusus
738 1245 909 1285 nubibus
939 1246 1077 1294 imber,

130 1323 306 1360 erupere,
339 1315 409 1348 aut
438 1316 483 1348 ut
514 1324 635 1349 nervo
665 1311 848 1362 pulsante
878 1312 1058 1363 sagittae,

129 1376 257 1427 prima
286 1375 393 1414 leves
424 1376 565 1414 ineunt
595 1377 626 1414 si
656 1377 816 1427 quando
846 1378 994 1428 proelia
1024 1378 1174 1417 Parthi.
1268 1399 1330 1430 314

183 1442 271 1492 quis
298 1441 396 1480 deus
425 1442 534 1488 hanc,
562 1442 711 1487 Musae,
740 1444 827 1493 quis
853 1444 965 1482 nobis
991 1444 1150 1482 extudit
1174 1447 1328 1484 artem?

131 1507 237 1545 unde
268 1520 370 1545 nova
399 1507 598 1559 ingressus
629 1507 834 1547 hominum
866 1510 1113 1560 experientia
1142 1510 1279 1561 cepit?

130 1578 266 1623 pastor
295 1572 504 1611 Aristaeus
534 1573 689 1624 fugiens
721 1574 866 1613 Peneia
895 1575 1043 1625 Tempe

130 1638 294 1684 amissis,
326 1643 373 1676 ut
401 1638 515 1686 fama,
547 1639 688 1689 apibus
719 1640 935 1690 morboque
965 1641 1148 1691 fameque

131 1704 257 1742 tristis
286 1703 336 1742 ad
366 1704 536 1742 extremi
567 1718 721 1743 sacrum
751 1712 870 1757 caput
898 1706 1056 1744 adstitit
1085 1707 1212 1745 amnis

131 1769 258 1807 multa
287 1782 467 1819 querens,
501 1775 621 1821 atque
651 1770 724 1809 hac
753 1771 911 1809 adfatus
942 1785 1036 1810 voce
1066 1776 1298 1822 parentem:

135 1840 295 1882 ‘mater,
329 1834 487 1886 Cyrene
515 1841 653 1882 mater,
686 1850 786 1887 quae
815 1837 984 1888 gurgitis
1014 1837 1131 1875 huius
1268 1857 1327 1889 321

131 1900 210 1938 ima
239 1905 361 1947 tenes,
393 1901 490 1952 quid
520 1915 582 1939 me
611 1901 812 1952 praeclara
841 1902 965 1954 stirpe
994 1902 1213 1941 deorum—

132 1965 163 2004 si
212 1966 342 2012 modo,
387 1980 506 2017 quem
553 1967 747 2017 perhibes,
794 1972 908 2018 pater
952 1973 1012 2006 est
1054 1967 1329 2018 Thymbraeus

241 2031 442 2082 Apollo—
