1388 2260
455 178 729 212 GEORGICON
754 179 841 212 LlB.
870 179 932 211 IV.
1181 216 1185 222 .
1273 181 1293 213 9

94 275 238 314 amisso
268 290 409 327 rupere
438 276 556 315 fidem
586 282 891 327 constructaque
920 276 1039 315 mella

95 341 296 392 diripuere
325 342 433 393 ipsae
464 348 503 381 et
533 348 659 381 crates
688 342 840 381 solvere
870 343 1061 381 favorum.

95 406 161 445 ille
191 420 355 458 operum
386 413 529 455 custos,
560 407 673 446 illum
703 408 953 446 admirantur
982 413 1023 446 et
1052 421 1188 447 omnes
1231 417 1292 450 215

94 471 352 510 circumstant
380 473 543 511 fremitu
572 473 696 511 denso
726 473 956 524 stipantque
986 474 1224 523 frequentes,

94 542 134 575 et
163 550 279 587 saepe
308 537 502 576 attollunt
530 538 678 576 umeris
708 543 748 576 et
778 551 940 590 corpora
968 538 1073 577 bello

93 602 295 641 obiectant
324 602 610 654 pulchramque
640 609 785 654 petunt
814 618 885 654 per
914 604 1080 642 vulnera
1109 609 1289 643 mortem.

147 667 208 706 his
238 668 400 718 quidam
430 669 552 719 signis
581 674 702 719 atque
732 669 827 707 haec
857 669 1038 720 exempla
1068 670 1193 708 secuti

94 746 176 771 esse
207 733 348 784 apibus
378 740 531 784 partem
562 734 721 772 divinae
751 735 896 773 mentis
927 740 967 773 et
995 735 1161 773 haustus
1231 755 1294 778 220

93 797 290 836 aetherios
319 798 484 846 dixere;
513 798 632 837 deum
663 812 833 849 namque
863 800 919 837 ire
949 813 1020 850 per
1049 813 1184 838 omnes

92 867 299 914 terrasque
328 868 558 914 tractusque
587 863 706 902 maris
736 864 966 915 caelumque
996 865 1235 916 profundum
1257 881 1265 913 3

93 927 184 966 hinc
214 928 395 979 pecudes,
418 935 610 976 armenta,
635 930 751 976 viros,
776 943 900 980 genus
922 943 1037 968 omne
1058 930 1240 978 ferarum,

93 1006 291 1044 quemque
321 994 397 1032 sibi
426 1000 568 1033 tenues
598 999 827 1033 nascentem
856 1008 1051 1033 arcessere
1082 996 1212 1043 vitas3

93 1058 242 1097 scilicet
271 1059 347 1098 huc
376 1059 490 1098 reddi
520 1060 664 1098 deinde
693 1074 736 1098 ac
767 1060 941 1098 resoluta
970 1061 1107 1099 referri
1231 1069 1291 1102 225

94 1124 234 1171 omnia,
268 1138 339 1162 nec
368 1125 489 1163 morti
520 1138 602 1163 esse
632 1125 772 1172 locum,
805 1125 874 1164 sed
904 1125 995 1163 viva
1024 1125 1157 1164 volare

93 1188 233 1227 sideris
263 1189 302 1227 in
333 1203 545 1228 numerum
573 1196 694 1241 atque
723 1190 806 1229 alto
835 1190 1044 1229 succedere
1074 1190 1191 1230 caelo.

147 1254 179 1292 si
209 1255 369 1305 quando
398 1255 532 1294 sedem
562 1261 772 1307 angustam
803 1261 1038 1306 servataque
1068 1256 1185 1295 mella

93 1320 291 1359 thesauris
321 1320 475 1368 relines,
509 1321 618 1372 prius
650 1321 795 1359 haustu
824 1335 984 1372 sparsus
1013 1335 1207 1372 aquarum

93 1399 160 1423 ora
189 1386 279 1423 fove
310 1386 517 1437 fumosque
548 1399 668 1424 manu
698 1387 914 1438 praetende
945 1400 1142 1437 sequaces.
1230 1407 1294 1439 230

92 1451 152 1489 bis
181 1451 367 1502 gravidos
398 1457 546 1503 cogunt
575 1452 690 1499 fetus,
724 1451 804 1490 duo
833 1457 1014 1503 tempora
1043 1452 1193 1500 messis,

93 1516 271 1568 Taygete
301 1516 418 1555 simul
448 1530 490 1555 os
520 1517 637 1555 terris
668 1517 845 1555 ostendit
874 1517 1086 1556 honestum

93 1581 209 1630 Plias,
243 1586 283 1620 et
313 1582 459 1620 Oceani
489 1587 643 1632 spretos
673 1583 773 1633 pede
803 1583 980 1634 reppulit
1008 1596 1154 1630 amnes,

92 1653 162 1685 aut
191 1646 327 1686 eadem
358 1647 466 1686 sidus
496 1648 654 1698 fugiens
684 1649 752 1687 ubi
784 1648 905 1687 Piscis
934 1648 1072 1699 aquosi

93 1712 247 1751 tristior
275 1712 459 1751 hibernas
490 1714 596 1753 caelo
625 1714 832 1752 descendit
861 1714 901 1751 in
931 1713 1067 1752 undas.
1231 1720 1292 1753 235

92 1778 170 1817 illis
199 1778 258 1817 ira
286 1779 447 1817 modum
479 1793 598 1831 supra
629 1785 698 1827 est,
732 1779 939 1830 laesaeque
969 1792 1168 1818 venenum

93 1844 288 1883 morsibus
318 1845 516 1896 inspirant
546 1851 585 1883 et
615 1845 766 1896 spicula
796 1859 910 1884 caeca
939 1845 1173 1895 relinquunt

93 1910 247 1948 adfixae
277 1911 399 1951 venis.
433 1910 664 1961 animasque
694 1912 734 1949 in
765 1911 929 1950 vulnere
959 1916 1124 1962 ponunt.

94 1974 154 2013 sin
183 1975 324 2013 duram
354 1981 508 2014 metues
537 1976 707 2015 hiemem
737 1990 952 2028 parcesque
981 1977 1118 2015 futuro

95 2046 388 2092 contunsosque
418 2042 568 2080 animos
599 2050 638 2080 et
668 2055 730 2080 res
760 2043 999 2081 miserabere
1028 2043 1183 2090 fractas,
1230 2061 1294 2092 240
