1388 2260
461 161 737 209 Ganemoixx
763 177 849 209 Lm.
879 177 942 208 IV.
1261 178 1298 218 21

100 275 261 314 inferias
292 275 441 326 Orphei
470 274 646 313 Lethaea
674 287 873 326 papavera
902 274 1037 312 mittes
1243 281 1302 315 545

101 348 140 381 et
170 343 324 394 nigram
352 342 543 380 mactabis
572 355 686 380 ovem
715 341 926 392 lucumque
956 341 1127 389 revises;

99 408 296 459 placatam
325 407 551 459 Eurydicen
582 407 708 445 vitula
738 407 977 446 venerabere
1007 406 1140 445 caesa’

100 474 206 512 haud
236 487 346 512 mora
361 488 370 521 ;
399 473 589 512 continuo
618 473 755 511 matris
785 477 994 524 praecepta
1023 473 1180 511 facessit
1194 487 1204 520 3

99 539 149 577 ad
178 538 344 577 delubra
373 539 495 586 venit,
526 543 765 577 monstratas
796 539 945 576 excitat
973 552 1070 585 aras,

99 609 290 655 quattuor
318 604 485 643 eximios
516 605 734 655 praestanti
765 617 929 655 corpore
958 608 1093 642 tauros
1241 609 1303 645 550

99 669 210 708 ducit
239 674 280 708 et
307 669 458 708 intacta
487 670 654 709 totidem
684 670 834 708 cervice
863 670 1058 708 iuvencas.

98 741 198 788 post,
230 736 299 774 ubi
328 749 433 775 nona
462 749 552 774 suos
583 736 740 775 Aurora
769 736 983 775 induxerat
1012 740 1131 783 ortus,

99 801 259 840 inferias
289 801 439 853 Orphei
469 802 596 840 mittit
624 802 837 853 lucumque
866 802 1017 841 revisit.

99 868 162 907 hic
191 881 285 907 vero
314 868 493 907 subitum
522 883 565 907 ac
594 869 703 907 dictu
733 869 914 908 mirabile
943 873 1165 907 monstrum

98 934 307 986 aspiciunt,
338 933 552 985 liquefacta
580 935 700 973 boum
729 949 800 986 per
829 935 978 974 viscera
1006 939 1093 973 toto
1239 941 1300 976 555

99 1002 267 1041 stridere
295 1014 389 1053 apes
417 1006 533 1040 utero
563 1008 603 1040 et
631 1002 760 1053 ruptis
791 1003 977 1041 effervere
1007 1002 1135 1049 costis,

97 1068 376 1118 immensasque
405 1067 511 1106 trahi
540 1068 675 1114 nubes,
708 1069 864 1118 iamque
893 1067 1032 1106 arbore
1062 1081 1214 1106 summa

99 1133 294 1172 confluere
323 1136 365 1171 et
392 1132 512 1172 lentis
540 1146 659 1172 uvam
689 1133 899 1171 demittere
928 1133 1057 1171 ramis.

151 1255 246 1294 haec
275 1268 394 1306 super
422 1269 606 1294 arvorum
637 1255 746 1294 cultu
776 1269 1044 1306 pecorumque
1073 1256 1261 1294 canebam

98 1327 138 1359 et
158 1334 276 1372 super
294 1321 513 1369 arboribus,
537 1321 680 1360 Caesar
700 1321 796 1360 dum
820 1335 985 1373 magnus
1009 1321 1059 1360 ad
1086 1321 1212 1360 altum
1239 1323 1301 1363 560

96 1386 282 1425 fulminat
311 1386 543 1438 Euphraten
572 1386 677 1425 bello
705 1387 911 1438 victorque
940 1387 1120 1426 volentes

96 1465 167 1503 per
194 1452 362 1503 populos
391 1452 461 1490 dat
489 1453 575 1491 iura
603 1453 787 1503 viamque
816 1453 990 1491 adfectat
1019 1452 1200 1504 Olympo.

96 1517 165 1556 illo
194 1517 417 1569 Vergilium
447 1532 509 1557 me
539 1524 719 1569 tempore
748 1518 874 1557 dulcis
903 1518 1045 1567 alebat,

97 1581 359 1634 Parthenope,
392 1583 535 1622 studiis
565 1584 769 1622 florentem
800 1584 985 1635 ignobilis
1014 1584 1082 1632 oti,

98 1648 271 1686 carmina
300 1649 367 1699 qui
397 1648 474 1687 lusi
504 1655 709 1699 pastorum
739 1650 949 1700 audaxque
978 1651 1152 1697 iuventa,

97 1712 246 1764 Tityre,
278 1719 319 1751 te
347 1713 507 1765 patulae
536 1715 657 1753 cecini
687 1715 760 1753 sub
788 1716 962 1766 tegmine
992 1716 1081 1766 fagi.
1236 1714 1299 1757 565
