1429 2255
138 179 158 210 8
484 177 520 209 P.
551 176 750 209 VERGILI
776 176 994 209 MARONIS

139 287 253 313 mane
288 280 411 314 ruunt
442 275 567 326 portis
584 290 593 323 3
626 288 820 324 nusquam
851 287 960 313 mora
976 289 985 323 3
1015 287 1152 313 rursus
1184 274 1340 313 easdem

139 354 280 391 vesper
309 341 377 379 ubi
408 354 428 378 e
457 347 575 391 pastu
604 340 766 378 tandem
795 339 985 379 decedere
1015 340 1161 391 campis
1283 340 1342 372 186

138 406 359 450 admonuit,
392 412 478 444 tum
508 410 615 444 tecta
645 410 802 457 petunt,
833 410 920 444 tum
950 419 1112 457 corpora
1142 410 1306 454 curant3

139 472 184 510 fit
213 472 367 510 sonitus
396 478 656 522 mussantque
686 485 773 510 oras
803 476 844 510 et
872 472 1010 510 limina
1039 472 1193 510 circum.

138 543 240 589 post,
272 538 340 576 ubi
370 538 449 575 iam
479 537 665 576 thalamis
695 550 736 576 se
766 551 1033 589 composuere,
1065 537 1205 576 siletur

139 604 177 640 in
210 608 367 642 noctem
398 603 601 653 fessosque
632 616 749 654 sopor
779 616 873 641 suus
903 608 1069 653 occupat
1096 608 1217 641 artus.
1285 612 1345 644 190

139 681 211 706 nec
241 682 335 707 vero
364 682 387 706 a
416 668 584 706 stabulis
614 668 750 720 pluvia
779 668 1022 719 inpendente
1051 668 1242 706 recedunt

139 734 308 786 longius,
339 739 410 772 aut
440 733 609 772 credunt
639 733 746 772 caelo
775 733 1084 772 adventantibus
1113 733 1230 772 Euris
1246 748 1255 781 ς

139 799 208 838 sed
238 800 384 838 circum
414 804 526 837 tutae
555 799 629 838 sub
659 799 865 838 moenibus
895 799 1004 837 urbis
1032 803 1242 849 aquantur,

139 878 408 916 excursusque
438 864 578 903 breves
609 869 822 916 temptant,
855 870 895 903 et
924 877 1039 916 saepe
1068 864 1234 916 lapillos,

139 935 185 968 ut
214 930 377 969 cumbae
406 930 611 969 instabiles
641 931 767 968 fluctu
794 930 967 968 iactante
997 930 1212 978 saburram,
1285 937 1344 972 195

138 995 311 1044 tollunt3
341 996 402 1035 his
431 1009 515 1035 sese
544 1009 614 1046 per
643 995 777 1034 inania
805 995 942 1034 nubila
969 995 1127 1034 librant.

192 1061 305 1100 illum
334 1061 434 1100 adeo
464 1061 657 1112 placuisse
686 1061 827 1113 apibus
856 1061 1050 1100 mirabere
1079 1074 1240 1108 morem,

139 1127 246 1178 quod
271 1140 399 1178 neque
429 1127 643 1166 concubitu
671 1127 885 1179 indulgent
913 1141 984 1166 nec
1014 1140 1178 1178 corpora
1207 1139 1345 1178 segnes

138 1193 180 1231 in
210 1193 410 1231 Venerem
440 1193 603 1232 solvunt
632 1198 702 1230 aut
731 1193 837 1231 fetus
866 1193 1028 1231 nixibus
1058 1193 1206 1241 edunt3

140 1272 279 1297 verum
309 1259 419 1310 ipsae
450 1272 470 1297 e
499 1258 605 1298 foliis
634 1264 760 1306 natos,
795 1272 815 1297 e
845 1259 1032 1297 suavibus
1062 1258 1194 1297 herbis
1283 1267 1347 1290 200

139 1338 205 1365 ore
235 1324 385 1375 legunt,
418 1324 526 1376 ipsae
555 1337 688 1375 regem
717 1337 939 1375 parvosque
969 1324 1144 1373 Quirites

140 1380 351 1438 sufficiunt,
384 1390 573 1441 aulasque
603 1395 643 1429 et
673 1403 783 1429 cerea
813 1404 934 1442 regna
963 1392 1176 1443 refingunt.

140 1470 256 1508 saepe
286 1457 407 1495 etiam
435 1455 546 1494 duris
576 1455 743 1495 errando
772 1456 813 1494 in
844 1457 996 1495 cotibus
1026 1456 1107 1495 alas

140 1523 330 1560 attrivere
360 1521 545 1573 ultroque
575 1523 747 1560 animam
778 1523 851 1561 sub
881 1524 985 1561 fasce
1014 1522 1183 1561 dedere:

140 1592 277 1626 tantus
306 1601 418 1626 amor
447 1588 590 1626 florum
621 1593 661 1626 et
690 1588 904 1639 generandi
934 1588 1059 1640 gloria
1088 1587 1225 1626 mellis.
1284 1593 1346 1628 205

140 1666 234 1705 ergo
262 1653 367 1703 ipsas
397 1654 578 1704 quamvis
608 1655 767 1705 angusti
796 1654 989 1693 terminus
1018 1653 1105 1692 aevi

140 1719 500 1770 excipiat—neque
531 1720 636 1758 enim
666 1720 756 1770 plus
787 1720 956 1771 septima
983 1719 1145 1757 ducitur
1164 1723 1346 1758 aestas—

139 1790 182 1824 at
210 1797 335 1837 genus
365 1784 577 1823 inmortale
607 1790 743 1823 manet
773 1784 1001 1835 multosque
1032 1798 1103 1836 per
1133 1797 1256 1822 annos

141 1854 222 1888 stat
250 1850 412 1888 fortuna
443 1850 584 1889 domus
616 1856 655 1889 et
684 1850 749 1888 avi
780 1855 1044 1888 numerantur
1072 1862 1249 1888 avorum.

141 1922 347 1968 praeterea
376 1930 511 1967 regem
541 1929 620 1954 non
651 1916 705 1954 sic
736 1916 943 1968 Aegyptos
974 1920 1015 1954 et
1045 1915 1184 1965 ingens
1285 1933 1348 1956 210

142 1981 272 2032 Lydia
292 1995 363 2020 nec
384 1981 522 2033 populi
553 1981 794 2019 Parthorum
824 1986 895 2019 aut
923 1980 1067 2019 Medus
1098 1979 1310 2031 Hydaspes

143 2047 367 2086 observant.
429 2060 520 2098 rege
550 2046 741 2085 incolumi
771 2059 882 2084 mens
912 2045 1096 2084 omnibus
1124 2057 1204 2082 una
1234 2048 1294 2082 est
1311 2057 1320 2090 3
