1388 2260
412 151 689 184 GEORGICON
714 151 802 184 LIB.
831 151 893 183 IV.
1215 149 1257 197 13ยน

52 249 226 288 invisum
255 249 347 287 fatis
376 249 583 300 genuisti?
619 256 689 286 aut
719 262 797 299 quo
827 249 900 287 tibi
931 248 1055 287 nostri

52 315 190 366 pulsus
219 316 361 353 amor?
398 314 495 364 quid
524 327 587 352 me
618 313 769 352 caelum
800 326 957 365 sperare
987 313 1181 352 iubebas?

53 393 100 418 en
131 380 250 418 etiam
281 379 384 417 hunc
414 379 544 430 ipsum
574 379 680 417 vitae
709 379 889 418 mortalis
918 379 1119 426 honorem,
1192 389 1254 429 326

52 458 170 496 quem
199 445 296 483 mihi
326 445 394 483 vix
423 445 582 496 frugum
612 450 653 482 et
682 444 879 495 pecudum
909 444 1088 482 custodia
1118 444 1253 482 sollcrs

52 511 184 548 omnia
213 509 428 561 temptanti
459 509 683 555 extuderat,
714 515 754 548 te
783 515 909 548 matre
940 509 1131 560 relinquo.

52 575 147 625 quin
178 589 250 627 age
280 581 320 613 et
349 575 433 626 ipsa
461 588 581 613 manu
611 574 743 613 felices
773 588 865 613 erue
895 575 1026 622 silvas,

52 640 111 678 fer
140 640 306 678 stabulis
336 640 540 678 inimicum
570 641 701 691 ignem
732 646 852 691 atque
882 641 1060 679 interfice
1094 653 1251 686 messes,

52 718 122 744 ure
152 711 237 744 sata
265 711 306 744 et
335 705 505 743 validam
537 706 577 743 in
608 706 709 743 vites
739 706 879 744 molire
909 706 1133 756 bipennem,
1193 725 1250 757 331

51 774 164 809 tanta
193 784 302 809 meae
332 771 364 809 si
395 776 434 809 te
464 776 657 822 ceperunt
685 771 818 809 taedia
846 771 1000 810 laudis.'

105 840 147 874 at
176 841 303 875 mater
332 837 507 875 sonitum
537 836 714 875 thalamo
744 837 817 875 sub
846 837 1021 875 fluminis
1051 837 1122 875 alti

52 902 186 940 sensit.
246 916 332 941 eam
362 902 509 940 circum
539 902 697 940 Milesia
727 902 874 941 vellera
904 902 1119 954 Nymphae

52 967 267 1018 carpebant
296 967 404 1018 hyali
434 973 570 1006 saturo
599 968 731 1005 fucata
761 967 900 1014 colore,
1193 987 1252 1020 335

52 1032 286 1084 Drymoque
318 1032 560 1084 Xanthoque
590 1033 791 1085 Ligeaque
821 1033 1156 1085 Phyllodoceque,

52 1098 263 1137 caesariem
293 1099 438 1137 effusae
470 1099 639 1137 nitidam
668 1112 740 1150 per
769 1099 938 1137 candida
968 1099 1077 1145 colla,

54 1162 224 1216 [Nesaee
255 1163 430 1215 Spioque
460 1164 679 1215 Thaliaque
710 1163 1046 1216 Cymodoceque,]

53 1228 316 1280 Cydippeque
347 1235 387 1267 et
415 1229 517 1267 flava
547 1229 745 1281 Lycorias,
778 1229 901 1267 altera
931 1230 1054 1280 virgo,

52 1294 177 1333 altera
205 1300 292 1333 tum
322 1295 470 1346 primos
500 1295 672 1333 Lucinae
703 1300 868 1346 experta
897 1295 1062 1341 labores,
1193 1315 1256 1347 340

53 1359 219 1411 Clioque
249 1366 290 1399 et
319 1360 444 1399 Beroe
474 1374 594 1407 soror,
627 1360 880 1399 Oceanitides
909 1361 1058 1406 ambae,

52 1426 190 1465 ambae
219 1440 325 1473 auro,
359 1426 475 1477 pictis
505 1426 699 1464 incinctae
730 1425 898 1477 pellibus
928 1426 1076 1473 ambae,

52 1496 173 1542 atque
202 1491 363 1543 Ephyre
392 1497 513 1542 atque
543 1491 639 1542 Opis
670 1496 710 1530 et
738 1491 835 1529 Asia
864 1491 1040 1542 Deiopea

54 1564 94 1595 et
122 1557 285 1595 tandem
315 1557 455 1608 positis
485 1557 602 1595 velox
637 1556 835 1595 Arethusa
865 1557 1031 1608 sagittis.

53 1622 158 1660 inter
187 1636 283 1673 quas
314 1636 447 1661 curam
478 1622 670 1674 Clymene
701 1623 889 1661 narrabat
917 1623 1076 1660 inanem
1192 1630 1253 1663 345

54 1687 232 1735 Vulcani,
266 1688 488 1738 Martisque
518 1687 630 1726 dolos
661 1693 700 1726 et
729 1688 861 1726 dulcia
891 1688 1008 1735 furta,

53 1767 155 1804 aque
185 1753 294 1793 Chao
324 1753 467 1792 densos
496 1753 630 1792 divom
662 1755 897 1792 numerabat
926 1767 1089 1792 amores.

54 1819 227 1857 carmine
257 1833 335 1869 quo
365 1826 502 1870 captae
532 1819 628 1857 dum
658 1819 755 1858 fusis
785 1819 919 1858 mollia
948 1832 1070 1870 pensa

54 1884 286 1929 devolvunt,
318 1885 464 1923 iterum
494 1890 692 1923 maternas
722 1885 869 1935 inpulit
898 1898 1012 1924 aures

54 1949 185 1989 luctus
215 1951 401 2001 Aristaei,
433 1951 652 2001 vitreisque
682 1950 871 1989 sedilibus
893 1964 1028 1989 omnes
1193 1956 1256 1992 350

54 2016 307 2066 obstipuere3
348 2016 416 2054 sed
446 2022 539 2054 ante
569 2016 665 2054 alias
695 2016 897 2054 Arethusa
927 2028 1080 2055 sorores
