1429 2255
148 170 187 200 14
494 168 529 200 P.
556 167 682 200 VERG
690 168 757 199 ILI
783 167 1001 201 MARONIS

144 265 388 317 prospiciens
419 278 573 304 summa
602 266 751 304 flavum
782 272 901 316 caput
931 265 1079 304 extulit
1107 266 1225 314 unda,

145 338 185 369 et
214 331 375 383 procul:
417 335 461 370 ‘o
490 331 643 382 gemitu
672 344 753 370 non
783 332 931 369 frustra
961 332 1154 370 exterrita
1182 337 1305 379 tanto,

146 397 302 449 Cyrene
333 410 453 445 soror,
486 398 571 447 ipse
601 397 686 445 tibi,
721 403 791 436 tua
820 398 993 436 maxima
1023 411 1126 444 cura,

145 463 272 501 tristis
302 463 510 501 Aristaeus
540 463 662 501 Penei
691 463 883 514 genitoris
912 463 963 501 ad
992 463 1141 501 undam
1285 471 1346 505 355

145 534 226 566 stat
254 528 465 566 lacrimans
495 534 535 566 ct
564 536 604 567 te
635 528 834 567 crudelem
865 529 1025 567 nomine
1055 529 1176 567 dicit!

145 593 236 632 huic
266 607 451 645 percussa
480 607 584 632 nova
614 600 788 632 mentem
819 594 1030 632 formidine
1060 600 1187 632 mater

148 659 255 706 ‘duc‚
288 673 369 712 age,
402 660 479 698 duc
508 659 558 698 ad
589 673 659 698 nos
675 675 683 707 3
713 660 770 697 fas
800 659 858 697 illi
887 659 1023 698 limina
1053 660 1187 699 divom

145 726 329 777 tangere'
359 726 425 764 ait.
485 725 603 764 simul
632 725 712 763 alta
740 725 852 763 iubet
881 725 1081 764 discedere
1111 726 1189 764 late

146 791 319 839 flumina,
352 804 429 841 qua
459 791 614 830 iuvenis
644 804 800 842 gressus
830 791 1007 830 inferret.
1067 798 1109 829 at
1137 791 1250 830 illum
1287 792 1349 832 360

147 863 309 895 curvata
339 856 380 894 in
409 857 556 895 montis
586 856 727 895 faciem
757 856 1021 895 circumstetit
1050 856 1167 904 unda,

146 922 375 974 accepitque
406 922 496 961 sinu
525 927 639 961 vasto
669 922 857 973 misitque
887 922 961 960 sub
990 935 1157 961 amnem.

146 988 304 1039 iamque
333 988 497 1027 domum
526 989 674 1026 mirans
704 988 915 1038 genetricis
946 994 987 1026 et
1015 988 1151 1026 umida
1179 1001 1301 1040 regna

146 1054 424 1105 speluncisque
454 1053 562 1092 lacus
592 1053 743 1092 clausos
773 1053 961 1105 lucosque
991 1059 1176 1093 sonantes

145 1120 240 1167 ibat,
273 1125 313 1158 et
341 1120 495 1171 ingenti
524 1126 638 1159 motu
667 1120 914 1171 stupefactus
943 1133 1135 1170 aquarum
1287 1119 1348 1160 365

147 1186 280 1225 onmia
309 1186 382 1224 sub
412 1200 557 1238 magna
585 1186 760 1224 labentia
789 1185 954 1224 flumina
983 1191 1090 1224 terra

147 1251 354 1302 spectabat
382 1251 540 1290 diversa
569 1251 673 1299 locis,
707 1251 946 1302 Phasimque
976 1251 1209 1302 Lycumque

147 1322 187 1356 et
217 1322 347 1368 caput,
380 1317 487 1355 unde
517 1316 621 1355 altus
651 1317 825 1367 primum
855 1330 895 1355 se
926 1318 1099 1369 erumpit
1128 1317 1303 1368 Enipeus

147 1396 390 1434 saxosusque
420 1396 564 1421 sonans
594 1382 778 1434 Hypanis
808 1382 1031 1434 Mysusque
1061 1382 1211 1430 Caicus,

146 1449 252 1487 unde
282 1454 396 1499 pater
426 1448 648 1496 Tiberinus,
681 1453 722 1487 et
749 1448 856 1487 unde
887 1448 1044 1486 Aniena
1073 1449 1231 1496 fluenta,
1287 1455 1349 1489 370

147 1519 187 1553 et
215 1515 373 1566 gemina
401 1519 564 1553 auratus
594 1514 754 1552 taurino
783 1527 929 1552 cornua
959 1513 1075 1552 vultu

146 1579 355 1628 Eridanus,
387 1593 465 1631 quo
494 1593 574 1618 non
603 1579 703 1618 alius
733 1593 803 1631 per
832 1580 995 1630 pinguia
1024 1579 1130 1618 culta

145 1645 187 1683 in
216 1658 324 1684 mare
352 1658 599 1696 purpureum
628 1645 843 1683 violentior
872 1645 997 1683 effluit
1025 1644 1162 1683 amnis.

147 1716 359 1763 postquam
390 1716 450 1749 est
479 1712 520 1749 in
549 1710 716 1749 thalami
746 1710 962 1762 pendentia
991 1710 1147 1761 pumice
1175 1714 1281 1748 tecta

146 1782 384 1827 perventum
414 1782 454 1815 et
483 1777 567 1815 nati
596 1778 713 1815 fletus
743 1777 930 1827 cognovit
959 1776 1096 1814 inanes
1285 1782 1347 1817 375

147 1842 313 1894 Cyrene,
346 1843 529 1881 manibus
558 1842 732 1893 liquidos
761 1842 860 1880 dant
889 1841 1027 1879 ordine
1057 1841 1187 1880 fontes

145 1922 355 1960 germanae
385 1909 590 1959 tonsisque
619 1908 754 1946 ferunt
783 1907 972 1945 mantelia
1001 1906 1130 1954 villis3

144 1987 235 2025 pars
266 1974 393 2025 epulis
423 1979 592 2013 onerant
620 1986 775 2012 mensas
805 1978 845 2011 et
873 1972 990 2023 plena
1019 1976 1218 2024 reponunt

144 2040 310 2091 pocula3
351 2040 569 2078 Panchaeis
598 2039 832 2078 adolescunt
861 2038 1021 2089 ignibus
1049 2051 1150 2084 arae,
