1429 2255
142 177 185 208 ‘20
490 176 525 209 P.
553 177 753 210 VERGILI
780 178 1001 212 MARONIS

141 273 246 312 solus
278 273 560 326 Hyperboreas
589 274 733 326 glacies
763 275 1009 328 Tanaimque
1040 277 1211 317 nivalem

139 353 312 390 arvaque
344 339 531 390 Rhipaeis
562 354 779 391 numquam
808 341 973 381 viduata
1002 344 1156 393 pruinis

139 404 348 453 lustrabat,
380 410 537 456 raptam
568 406 797 458 Eurydicen
826 412 946 457 atque
976 408 1098 446 inrita
1128 408 1234 448 Ditis

138 470 243 509 dona
263 483 432 521 querens
448 485 458 519 3
488 476 645 522 spretae
674 471 867 511 Ciconum
896 486 975 523 quo
1005 487 1169 512 munere
1199 480 1345 514 matres

137 538 243 576 inter
272 551 380 576 sacra
410 538 529 577 deum
560 540 824 590 nocturnique
854 541 964 592 orgia
993 541 1139 580 Bacchi
1285 551 1341 584 521

138 604 383 655 discerptum
412 604 512 643 latos
542 605 728 643 iuvenem
758 619 936 656 sparsere
966 620 1037 657 per
1064 621 1190 659 agros.

137 675 225 708 tum
254 683 412 720 quoque
442 684 662 709 marmorea
692 678 812 721 caput
840 686 863 709 a
893 673 1043 711 cervice
1073 672 1276 711 revulsum

137 735 295 787 gurgite
325 749 414 774 cum
444 736 576 774 medio
606 742 769 787 portans
801 736 993 788 Oeagrius
1024 737 1183 776 Hebrus

137 801 329 847 volveret,
362 801 590 854 Eurydicen
621 816 700 841 vox
729 803 815 853 ipsa
844 808 885 841 et
914 803 1059 855 frigida
1088 804 1224 856 lingua
1283 812 1343 846 525

136 882 159 906 a
188 869 373 907 miseram
403 868 658 921 Eurydicen!
689 869 822 907 anima
852 870 1031 921 fugiente
1060 871 1252 920 vocabat,

136 934 365 986 Eurydicen
395 939 482 973 toto
513 935 742 973 referebant
772 936 935 974 flumine
966 936 1100 987 ripae.'

136 1000 231 1038 haec
260 1000 442 1047 Proteus,
475 1006 515 1038 et
544 1014 584 1039 se
614 1001 722 1039 iactu
750 1001 864 1039 dedit
893 1014 1042 1052 aequor
1070 1002 1111 1039 in
1140 1002 1278 1049 altum,

134 1080 291 1118 quaque
311 1066 434 1115 dedit,
467 1072 721 1118 spumantem
750 1067 900 1106 undam
930 1068 1003 1106 sub
1034 1069 1182 1108 vertice
1212 1069 1338 1108 torsit.

188 1137 230 1170 at
259 1146 338 1171 non
368 1132 523 1183 Cyrene
538 1146 548 1180 ;
579 1146 750 1184 namque
779 1133 887 1172 ultro
916 1133 1052 1172 adfata
1081 1134 1314 1173 timentem:

138 1204 263 1249 ‘nate,
296 1201 391 1240 licet
419 1201 555 1240 tristes
584 1201 718 1240 animo
747 1201 947 1253 deponere
977 1215 1098 1241 curas.
1281 1211 1338 1244 531

133 1267 229 1306 haec
249 1268 376 1306 omnis
397 1267 525 1306 morbi
555 1281 682 1315 causa,
715 1267 806 1305 hinc
836 1267 1059 1306 miserabile
1089 1267 1313 1320 Nymphae,

134 1347 223 1372 cum
253 1334 397 1384 quibus
428 1333 495 1372 illa
525 1333 665 1373 choros
695 1333 793 1372 lucis
823 1334 1001 1385 agitabat
1030 1335 1070 1372 in
1100 1334 1202 1382 altis,

133 1400 287 1438 exitum
316 1400 457 1438 misere
487 1400 638 1451 apibus.
699 1404 745 1438 tu
774 1413 939 1438 munera
969 1400 1139 1452 supplex

132 1465 252 1504 tende
273 1471 413 1516 petens
434 1479 571 1516 pacem
601 1470 641 1504 et
670 1464 804 1503 faciles
825 1479 1014 1504 venerare
1045 1465 1251 1517 Napaeas:
1279 1473 1340 1509 535

131 1544 303 1581 namque
333 1531 488 1569 dabunt
517 1532 674 1570 veniam
704 1532 808 1570 votis
839 1532 996 1582 irasque
1026 1532 1245 1571 remittent.

131 1597 199 1635 sed
230 1597 372 1635 modus
403 1597 541 1635 orandi
572 1597 639 1648 qui
670 1597 731 1645 sit,
764 1598 874 1648 prius
905 1597 1042 1636 ordine
1072 1598 1210 1637 dicam.

131 1667 324 1712 quattuor
353 1663 520 1701 eximios
550 1663 771 1713 praestanti
804 1676 966 1714 corpore
996 1668 1142 1711 tauros,

129 1729 199 1779 qui
229 1729 303 1767 tibi
333 1741 439 1766 nunc
469 1729 608 1766 viridis
639 1728 861 1779 depascunt
889 1742 1042 1766 summa
1071 1728 1227 1779 Lycaei,

129 1794 270 1845 delige,
302 1799 342 1833 et
371 1794 522 1833 intacta
551 1794 721 1832 totidem
752 1794 902 1832 cervice
932 1795 1128 1832 iuveneas.
1277 1802 1339 1835 540

129 1866 322 1910 quattuor
350 1860 411 1899 his
442 1873 529 1898 aras
559 1859 641 1898 alta
670 1859 719 1897 ad
750 1859 917 1898 delubra
946 1859 1111 1898 dearum

128 1926 336 1973 constitue,
371 1931 412 1964 et
442 1939 596 1964 sacrum
625 1925 772 1976 iugulis
802 1925 968 1963 demitte
999 1939 1189 1973 cruorem,

127 2005 371 2043 corporaque
400 1993 486 2042 ipsa
515 1992 635 2030 boum
665 1991 852 2030 frondoso
880 1991 1017 2030 desere
1046 1991 1144 2030 luco.

125 2062 228 2111 post,
260 2057 328 2095 ubi
358 2071 463 2096 nona
491 2070 582 2095 suos
612 2057 770 2096 Aurora
799 2057 1020 2096 ostenderit
1049 2062 1170 2104 ortus,
