1388 2260
427 153 703 187 GEORGICON
728 154 816 186 LIB.
845 154 908 186 IV.
1230 156 1267 185 19

67 252 228 298 restitit,
260 251 566 303 Eurydicenque
595 265 708 290 suam
737 252 816 289 iam
846 251 932 290 luce
962 251 1036 290 sub
1065 251 1150 302 ipsa
1204 259 1269 290 490

66 318 260 356 inmemor
294 317 372 355 heu
404 318 613 368 victusque
642 317 764 355 animi
794 317 982 368 respexit.
1041 317 1095 354 ibi
1127 317 1254 355 omnis

66 384 211 422 effusus
242 382 363 430 labor,
395 388 515 433 atque
544 383 695 421 inmitis
725 387 844 434 rupta
873 383 1035 434 tyranni

65 448 237 495 foedera,
269 454 410 498 terque
439 448 573 500 fragor
601 449 752 500 stagnis
781 448 944 487 auditus
973 448 1157 486 Avernis.

64 514 132 553 illa
168 514 278 565 ‘quis
312 520 353 552 et
384 513 482 562 me‚⁷
511 514 655 565 inquit,
690 514 894 553 ‘miseram
930 520 970 552 et
1004 520 1044 553 te
1078 513 1265 565 perdidit,

225 579 399 630 Orpheu,

64 645 152 695 quis
182 650 318 683 tantus
347 645 487 683 furor?
517 658 564 683 en
594 645 739 683 iterum
771 644 947 683 crudelia
975 649 1082 682 retro
1205 651 1267 685 495

63 710 145 748 fata
174 715 318 749 vocant
348 710 564 761 conditque
594 711 775 749 natantia
804 710 955 749 lumina
985 723 1155 749 somnus.

62 776 219 827 iamque
249 776 359 815 vale:
389 776 494 815 feror
522 777 676 828 ingenti
706 776 949 815 circumdata
977 781 1092 815 nocte

62 841 337 892 invalidasque
367 842 440 880 tibi
471 841 652 889 tendenS,
685 841 762 880 heu
793 855 872 880 non
902 847 982 889 tua,
1015 840 1212 892 palmas!’

61 907 167 945 dixit
196 912 236 946 et
265 921 314 946 ex
344 907 467 946 oculis
497 908 641 955 subito,
674 920 745 945 ceu
773 907 907 946 fumus
936 908 977 945 in
1008 920 1123 945 auras

62 973 300 1011 commixtus
330 980 481 1019 tenues,
514 973 619 1024 fugit
647 972 815 1021 diversa,
848 986 977 1023 neque
1007 972 1121 1011 illum
1206 980 1267 1013 500

60 1044 313 1089 prensantem
345 1038 586 1089 nequiquam
616 1039 776 1077 umbras
807 1044 846 1077 et
875 1038 1002 1077 multa
1033 1038 1232 1077 volentem

61 1103 191 1142 dicere
220 1108 426 1154 praeterea
455 1104 567 1151 vidit,
601 1117 672 1142 nec
701 1104 874 1155 portitor
903 1103 996 1143 Orci

60 1169 229 1220 amplius
260 1170 454 1208 obiectam
484 1183 622 1220 passus
652 1170 821 1208 transire
852 1169 1047 1221 paludem.

60 1235 155 1285 quid
186 1235 362 1274 faceret?
392 1248 471 1285 quo
501 1248 541 1273 se
570 1240 685 1286 rapta
714 1235 774 1274 bis
805 1236 971 1286 coniuge
1001 1236 1153 1273 ferret?

59 1315 138 1351 quo
168 1302 266 1340 fletu
296 1301 447 1347 Manes,
479 1314 556 1351 qua
585 1301 749 1339 numina
778 1314 873 1339 voce
902 1302 1111 1339 moveret?
1203 1307 1262 1340 505

57 1366 126 1405 illa
155 1367 316 1417 quidem
346 1366 487 1418 Stygia
517 1366 639 1404 nabat
667 1367 746 1404 iam
774 1366 918 1417 frigida
948 1366 1096 1404 cumba.

59 1437 209 1483 septem
240 1432 353 1471 illum
382 1438 488 1471 totos
519 1432 732 1483 perhibent
761 1446 811 1471 ex
841 1433 980 1471 ordine
1009 1445 1163 1471 menses

57 1511 155 1549 rupe
186 1498 258 1537 sub
287 1498 391 1536 aeria
420 1498 567 1536 deserti
597 1497 646 1536 ad
677 1498 904 1549 Strymonis
932 1497 1081 1536 undam

56 1564 210 1602 flevisse
241 1568 281 1602 et
308 1563 450 1615 gelidis
480 1563 575 1602 haec
606 1563 799 1602 evolvisse
830 1563 902 1601 sub
931 1564 1067 1610 antris,

56 1628 296 1667 mulcentem
325 1630 447 1680 tigres
480 1634 520 1667 et
548 1634 733 1680 agentem
764 1630 935 1667 carmine
965 1642 1160 1679 quercus3
1200 1635 1262 1668 510

56 1694 183 1744 qualis
212 1694 383 1746 populea
411 1708 590 1733 maerens
620 1694 836 1745 philomela
865 1694 938 1732 sub
967 1695 1108 1733 umbra

55 1760 218 1799 amissos
248 1761 429 1811 queritur
457 1761 572 1808 fetus,
605 1774 704 1811 quos
733 1760 856 1799 durus
887 1766 1020 1800 arator

55 1825 268 1864 observans
298 1826 391 1864 nido
420 1826 617 1877 inplumes
647 1826 847 1874 detraxit3
878 1832 920 1865 at
948 1826 1016 1865 illa

54 1890 123 1929 flet
152 1897 308 1929 noctem
337 1905 526 1942 ramoque
556 1891 697 1930 sedens
727 1892 951 1931 miserabile
981 1906 1139 1931 carmen

53 1957 228 2009 integrat
257 1964 298 1996 et
326 1959 485 1997 maestis
515 1959 594 1997 late
623 1959 708 1997 loca
737 1959 944 2010 questibus
973 1960 1111 2011 inplet.
1197 1968 1256 2001 515

55 2023 162 2061 nulla
193 2023 338 2071 Venus,
372 2038 450 2062 non
481 2023 551 2062 ulli
581 2025 757 2062 animum
788 2026 934 2064 flexere
964 2025 1186 2077 hymenaei.
