1388 2260
102 146 124 176 ⁴2
447 146 483 177 P.
514 146 711 179 VERGILI
738 148 956 180 MARONIs

102 255 169 281 ore
199 243 333 281 ferunt
361 242 517 282 dulcem
549 244 654 282 nidis
684 245 892 283 inmitibus
922 258 1060 284 escam.

102 313 144 346 at
174 308 314 359 liquidi
344 309 474 348 fontes
504 314 545 347 ct
574 314 715 360 stagna
744 310 915 348 virentia
944 325 1080 349 musco

101 374 235 412 adsint
265 381 305 412 ct
333 375 465 413 tenuis
495 375 649 425 fugiens
678 388 749 426 per
777 376 955 426 gramina
984 377 1102 423 rivus,

102 439 310 490 palmaque
334 440 576 478 vestibulum
592 445 662 479 aut
678 441 816 491 ingens
838 441 1006 480 oleaster
1026 441 1238 490 inumbret,
1263 451 1303 474 20

102 512 158 552 ut,
191 519 280 544 cum
310 506 439 556 prima
469 506 560 544 novi
590 506 739 544 ducent
769 507 952 545 examina
981 520 1091 559 reges

102 584 193 609 vere
224 585 304 618 suo,
337 571 529 622 ludetque
559 572 660 610 favis
690 572 832 610 emissa
860 572 1058 621 iuventus,

102 637 232 675 vicina
260 637 406 676 invitet
435 637 625 675 decedere
655 638 742 688 ripa
772 637 890 676 calori

102 702 299 753 obviaque
328 702 511 753 hospitiis
542 708 677 741 teneat
706 703 985 742 frondentibus
1014 704 1139 742 arbos.

102 768 143 805 in
174 768 359 816 medium,
392 781 461 806 seu
490 768 613 806 stabit
642 768 747 806 iners
777 781 846 806 seu
875 769 1046 819 profluet
1075 782 1199 815 umor,

102 840 348 872 transversas
379 833 516 872 salices
547 838 587 872 et
615 833 782 885 grandia
812 835 946 872 conice
976 848 1081 882 saxa,

103 899 293 950 pontibus
322 904 368 938 ut
398 899 544 938 crebris
575 900 729 950 possint
759 900 973 938 consistere
1003 905 1043 938 et
1072 899 1152 937 alas

104 964 277 1015 pandere
307 965 357 1003 ad
386 965 583 1003 aestivum
613 965 747 1012 solem,
780 966 811 1003 si
841 966 942 1004 forte
972 970 1172 1003 morantes

104 1031 294 1082 sparserit
323 1035 393 1069 aut
422 1044 609 1082 praeceps
641 1031 832 1081 Neptuno
861 1031 1087 1069 inmerserit
1115 1030 1254 1068 Eurus.

104 1096 200 1135 haec
231 1097 376 1135 circum
407 1096 532 1134 casiae
562 1096 710 1134 virides
740 1101 780 1134 et
808 1096 956 1135 olentia
985 1096 1064 1134 late
1265 1103 1306 1136 30

104 1161 278 1212 serpulla
307 1167 347 1200 et
376 1162 552 1213 graviter
582 1161 771 1212 spirantis
801 1162 912 1212 copia
941 1161 1153 1212 thymbrae

104 1227 254 1274 floreat,
286 1227 569 1279 inriguumque
599 1227 738 1265 bibant
768 1226 932 1265 violaria
961 1227 1123 1265 fontem.

104 1293 191 1344 ipsa
220 1299 365 1339 autem,
397 1306 467 1331 seu
497 1293 707 1331 corticibus
737 1293 811 1331 tibi
840 1298 930 1331 suta
959 1292 1107 1331 cavatis

106 1371 177 1397 seu
204 1358 314 1397 lento
342 1358 492 1397 fuerint
520 1358 669 1397 alvaria
698 1359 845 1397 vimine
874 1363 997 1405 texta,

105 1430 297 1475 angustos
326 1423 499 1462 habeant
528 1423 684 1462 aditus:
719 1438 810 1462 nam
839 1425 985 1474 frigore
1014 1423 1131 1462 mella
1267 1430 1305 1463 35

106 1490 213 1541 cogit
242 1489 408 1540 hiemps,
440 1489 657 1540 eademque
687 1489 793 1529 calor
821 1490 1035 1540 liquefacta
1064 1489 1245 1527 remittit.

107 1561 277 1605 utraque
307 1555 366 1592 vis
395 1554 535 1605 apibus
565 1556 715 1606 pariter
747 1555 984 1602 metuenda3
1019 1568 1146 1605 neque
1176 1554 1267 1592 illae

108 1620 349 1672 nequiquam
378 1621 419 1658 in
448 1621 562 1659 tectis
592 1622 774 1660 certatim
804 1621 938 1660 tenuia
969 1634 1055 1659 cera

108 1687 351 1737 spiramenta
379 1686 512 1724 linunt
540 1688 710 1738 fucoque
741 1692 781 1726 et
809 1687 972 1725 floribus
1002 1699 1089 1724 oras

109 1753 284 1805 explent,
309 1752 596 1804 collectumque
621 1754 716 1792 haec
739 1753 826 1804 ipsa
846 1752 896 1791 ad
917 1765 1080 1790 munera
1100 1750 1238 1802 gluten
1268 1760 1310 1790 40

109 1824 149 1857 et
177 1819 285 1857 visco
315 1825 355 1857 et
384 1819 584 1871 Phrygiae
615 1825 777 1858 servant
806 1819 892 1870 pice
921 1818 1071 1857 lentius
1101 1817 1206 1856 Idae.

111 1897 226 1936 saepe
256 1885 377 1923 etiam
407 1886 566 1931 effossis,
599 1885 630 1923 si
661 1899 754 1923 vera
784 1890 844 1923 est
873 1885 987 1931 fama,
1020 1883 1181 1921 latebris

110 1952 183 1990 sub
212 1956 319 1990 terra
349 1951 483 1990 fovere
512 1951 666 1999 Larem,
698 1951 938 2002 penitusque
967 1955 1149 2000 repertae

113 2017 414 2068 pumicibusque
444 2017 549 2055 cavis
579 2030 799 2068 exesaeque
828 2016 978 2054 arboris
1007 2020 1132 2054 antro.
