1429 2255
159 168 178 198 (ἱ
504 167 539 199 P.
569 166 771 199 VRRGILI
796 166 1014 199 MARONIS

158 277 228 302 nec
259 264 389 314 pecori
421 269 646 316 opportuna.
675 277 785 315 seges
815 277 885 302 nec
915 265 1120 303 commoda
1150 264 1311 305 Baccho.

158 329 220 367 hic
250 343 384 368 rarum
410 335 543 368 tamen
573 330 614 368 in
640 330 770 368 dumis
795 329 910 368 holus
935 330 1102 381 albaque
1127 331 1272 369 circum
1303 339 1363 372 130

156 395 240 433 lilia
269 396 540 446 verbenasque
572 409 754 446 premens
785 409 1024 446 vescumque
1054 410 1239 447 papaver,

156 475 295 512 regum
325 462 525 512 aequabat
554 475 648 512 opes
678 461 831 508 animia
864 475 1030 513 seraque
1060 467 1264 501 revertens

157 532 272 565 nocte
302 526 465 565 domum
495 527 664 578 dapibus
694 540 849 565 mensas
879 528 1070 566 onerabat
1098 528 1298 579 inemptis.

157 593 308 643 primus
338 605 430 631 vere
459 606 589 631 rosam
617 598 739 643 atque
767 599 962 632 autumno
992 606 1150 643 carpere
1179 607 1306 645 poma,

157 663 197 695 et
227 671 316 696 cum
346 658 471 696 tristis
502 658 655 709 hiemps
685 658 903 697 etiamnum
932 659 1078 710 frigore
1107 673 1202 697 saxa
1305 666 1364 700 135

157 729 363 775 rumperet
393 730 432 762 et
461 723 584 775 glacie
614 737 750 762 cursus
780 725 955 763 frenaret
983 738 1186 774 aquarum,

156 788 223 827 ille
253 802 405 827 comam
435 789 565 828 mollis
594 790 673 827 iam
702 790 897 828 tondebat
925 789 1132 841 hyacinthi

156 860 350 893 aestatem
379 855 620 906 increpitans
650 868 775 894 seram
806 855 1090 907 Zephyrosque
1119 860 1328 895 morantes.

157 932 251 971 ergo
280 920 420 970 apibus
450 920 541 958 fetis
570 920 676 959 idem
696 925 816 972 atque
846 921 1028 960 examine
1057 920 1186 959 multo

156 986 308 1037 primus
337 986 540 1024 abundare
571 992 611 1024 et
639 987 866 1037 spumantia
896 1000 1032 1038 cogere
1062 987 1206 1038 pressis
1305 996 1366 1028 140

156 1051 274 1090 mella
303 1052 404 1090 favis
420 1067 430 1099 3
460 1051 518 1090 illi
548 1051 658 1090 tiliae
687 1057 808 1103 atque
837 1053 1038 1091 uberrima
1066 1053 1195 1104 pinus,

157 1122 334 1168 quotque
365 1118 405 1155 in
436 1118 532 1156 flore
562 1131 666 1156 novo
696 1118 824 1168 pomis
853 1131 892 1156 se
924 1117 1066 1156 fertilis
1095 1118 1210 1156 arbos

156 1183 355 1230 induerat,
389 1183 559 1221 totidem
588 1188 784 1221 autumno
812 1189 968 1222 matura
997 1183 1170 1222 tenebat.

155 1248 222 1287 ille
253 1249 374 1287 etiam
404 1262 510 1287 seras
540 1249 580 1286 in
612 1262 771 1287 versum
800 1249 960 1288 distulit
988 1249 1116 1288 ulmos

156 1315 401 1366 eduramque
430 1315 563 1365 pirum
593 1319 633 1353 et
663 1315 797 1367 spinos
826 1316 905 1353 iam
934 1329 1063 1366 pruna
1092 1315 1265 1353 ferentes
1304 1322 1361 1356 145

154 1381 313 1431 iamque
334 1381 628 1419 ministrantem
650 1381 858 1431 platanum
882 1381 1115 1432 potantibus
1145 1380 1314 1418 umbras.

155 1459 295 1485 verum
328 1446 422 1484 haec
454 1446 538 1497 ipse
573 1446 759 1497 equidem
788 1447 927 1498 spatiis
958 1446 1142 1485 exclusus
1170 1446 1317 1496 iniquis

154 1519 362 1564 praetereo
390 1516 510 1562 atque
539 1511 627 1550 aliis
656 1518 749 1563 post
777 1526 840 1551 me
870 1512 1124 1550 memoranda
1153 1511 1343 1563 relinquo.

208 1592 313 1616 nunc
342 1590 426 1629 age,
459 1583 621 1616 naturas
651 1579 792 1629 apibus
822 1591 919 1628 quas
949 1577 1132 1629 Iuppiter
1161 1577 1245 1628 ipse

153 1643 322 1692 addidit,
356 1643 578 1694 expediam,
611 1657 683 1694 pro
713 1658 791 1694 qua
820 1643 999 1682 mercede
1029 1656 1193 1682 canoros
1302 1650 1362 1684 150

154 1709 347 1749 Curetum
378 1709 532 1748 sonitus
564 1709 880 1760 crepitantiaque
909 1722 999 1747 aera
1029 1715 1186 1747 secutae

152 1775 320 1814 Dictaeo
349 1774 446 1813 caeli
477 1788 612 1826 regem
642 1788 785 1825 pavere
816 1774 889 1813 sub
918 1780 1044 1813 antro.

152 1840 258 1879 solae
292 1854 521 1879 communes
552 1845 679 1887 natos,
712 1840 911 1878 consortia
940 1845 1047 1878 tecta

152 1907 262 1945 urbis
284 1906 445 1954 habent,
465 1906 698 1957 magnisque
714 1906 870 1957 agitant
891 1905 965 1944 sub
985 1905 1138 1955 legibus
1159 1917 1311 1951 aevum,

152 1977 192 2011 et
223 1972 395 2024 patriam
425 1971 531 2010 solae
562 1976 602 2010 et
631 1977 759 2010 certos
789 1984 936 2009 novere
965 1970 1164 2018 Penates3
1300 1976 1358 2011 155

152 2043 426 2089 venturaeque
456 2037 598 2075 hiemis
627 2049 821 2076 memores
852 2041 1003 2075 aestate
1033 2035 1208 2074 laborem
