1388 2260
432 154 707 188 GEORGICON
732 155 818 187 LIB.
849 156 910 188 IV.
1208 159 1269 210 ¹ll

73 250 243 299 defruta,
274 250 338 290 vel
367 251 520 290 Psithia
549 265 685 302 passos
714 253 764 291 de
793 253 875 292 vite
904 266 1089 302 racemos,

75 316 388 368 Cecropiumque
418 318 605 369 thymum
635 323 674 357 et
702 332 821 370 grave
852 318 1000 357 olentia
1029 324 1250 358 centaurea.

74 388 135 421 est
164 384 284 421 etiam
314 384 385 422 flos
414 384 455 421 in
486 385 623 434 pratis,
656 385 717 422 cui
748 398 891 423 nomen
921 384 1065 423 amello
1211 403 1269 436 27¹

73 448 199 487 fecere
229 449 433 499 agricolae,
466 449 591 488 facilis
621 450 906 500 quaerentibus
936 450 1057 489 herba
1074 466 1083 498 3

73 527 244 564 namque
273 528 353 552 uno
383 515 584 565 ingentem
615 515 723 554 tollit
751 516 801 554 de
831 517 1002 567 caespite
1033 515 1184 564 silvam,

71 593 214 618 aureus
244 581 337 631 ipse,
371 580 440 618 sed
469 581 510 618 in
539 581 656 628 foliis,
689 595 788 632 quae
818 581 986 632 plurima
1019 581 1164 619 circum

72 645 308 693 funduntur,
341 645 469 684 violae
499 646 680 685 sublucet
709 660 886 697 purpura
916 646 1051 696 nigrae
1068 662 1078 694 3
1211 664 1272 698 275

73 724 188 762 saepe
218 711 337 749 deum
366 711 479 749 nexis
509 718 672 750 ornatae
701 712 912 762 torquibus
941 724 1032 749 arae
1048 726 1058 759 3

72 790 187 827 asper
216 777 255 814 in
286 790 352 815 ore
383 790 527 827 sapor,
566 777 692 815 tonsis
722 778 763 815 in
792 777 962 815 vallibus
992 776 1105 814 illum

72 848 251 894 pastores
281 847 321 880 et
351 856 470 880 curva
500 842 641 893 legunt
669 855 792 893 prope
821 842 986 880 flumina
1014 841 1166 880 Mellae.

72 907 190 946 huius
219 907 387 946 odorato
416 907 568 946 radices
598 907 765 958 incoque
795 907 960 955 Baccho,

72 971 296 1024 pabulaque
326 973 366 1011 in
397 973 547 1012 foribus
577 973 703 1024 plenis
733 973 886 1024 adpone
919 973 1110 1012 canistris.
1210 984 1273 1017 280

126 1039 195 1078 sed
225 1039 257 1077 si
286 1052 404 1089 quem
434 1038 565 1090 proles
595 1039 728 1077 subito
758 1039 949 1078 defecerit
978 1040 1106 1078 omnis

71 1117 152 1152 nec,
185 1118 308 1156 genus
337 1104 444 1143 unde
474 1118 599 1144 novae
629 1105 764 1156 stirpis
794 1110 1014 1153 revocetur,
1046 1105 1220 1153 habebit,

70 1175 228 1222 tenipus
259 1176 299 1209 et
328 1170 491 1209 Arcadii
520 1171 776 1209 memoranda
805 1171 968 1209 inventa
998 1171 1177 1222 magistri

70 1236 255 1287 pandere,
288 1250 446 1287 quoque
475 1236 593 1275 modo
623 1237 744 1274 caesis
773 1237 852 1274 iam
882 1249 998 1287 saepe
1028 1237 1204 1275 iuvencis

70 1302 289 1340 insincerus
318 1315 410 1353 apes
440 1302 580 1340 tulerit
609 1315 734 1341 cruor.
793 1302 911 1340 altius
941 1315 1099 1341 omnem
1210 1314 1270 1355 285

70 1367 279 1419 expediam
309 1367 436 1418 prima
465 1374 648 1418 repetens
678 1368 727 1406 ab
757 1368 908 1419 origine
938 1368 1093 1406 famam.

69 1447 161 1471 nam
191 1446 269 1484 qua
298 1432 446 1471 Pellaei
475 1447 572 1484 gens
602 1434 806 1471 fortunata
837 1433 987 1484 Canopi

69 1498 209 1537 accolit
238 1499 361 1536 effuso
391 1503 642 1549 stagnantem
672 1499 833 1537 flumine
864 1498 1003 1536 Nilum

70 1570 110 1603 et
138 1565 285 1602 circum
315 1564 430 1615 pictis
461 1564 622 1603 vehitur
651 1578 721 1602 sua
750 1577 842 1602 rura
871 1563 1053 1615 phaselis,

69 1643 225 1680 quaque
255 1630 508 1681 pharetratae
538 1631 682 1668 vicinia
713 1630 887 1668 Persidis
917 1635 1073 1681 urguet,
1209 1650 1272 1681 290

69 1701 109 1733 et
137 1695 295 1734 diversa
324 1709 442 1734 ruens
472 1701 625 1747 septem
655 1695 843 1733 discurrit
872 1696 912 1733 in
933 1709 1002 1734 ora

68 1774 193 1811 usque
223 1761 409 1799 coloratis
438 1762 565 1799 amnis
595 1761 771 1799 devexus
801 1761 850 1799 ab
880 1761 1002 1809 Indis,

68 1832 108 1864 et
137 1826 305 1865 viridem
337 1827 572 1879 Aegyptum
602 1827 715 1878 nigra
743 1826 932 1865 fecundat
962 1827 1120 1873 harena,

69 1892 196 1930 omnis
226 1893 267 1930 in
298 1892 369 1930 hac
399 1898 549 1930 certam
579 1892 686 1943 regio
716 1892 810 1930 iacit
839 1898 924 1931 arte
954 1893 1132 1931 salutem.

69 1958 236 2008 exiguus
265 1958 439 2009 primum
469 1965 590 2008 atque
621 1958 727 2008 ipsos
757 1963 984 1997 contractus
1012 1959 1053 1996 in
1084 1972 1179 1997 usus
1209 1978 1270 2012 295

68 2022 230 2073 eligitur
258 2022 394 2067 locus3
434 2023 539 2061 hunc
569 2024 808 2074 angustique
838 2024 1000 2062 imbrice
1029 2025 1125 2062 tecti
