1429 2255
175 180 214 212 16
519 179 556 212 Ρ.
583 179 785 211 VERGILI
811 177 1029 211 MARONIS

172 289 486 328 squamosusque
515 276 633 316 draco
663 282 703 315 ot
733 276 843 315 fulva
872 276 1025 314 cervice
1054 276 1202 323 leaena,

173 347 243 381 aut
271 356 401 382 acrem
431 343 611 381 flammae
641 342 817 380 sonitum
846 341 959 380 dabit
987 346 1107 392 atque
1137 341 1193 379 ita
1221 341 1361 380 vinclis

174 408 343 455 excidet,
375 414 445 446 aut
474 408 515 445 in
545 421 666 458 aquas
696 413 836 445 tenues
866 407 1043 458 dilapsus
1073 406 1208 445 abibit.
1312 416 1376 447 410

174 473 242 511 sed
273 478 423 524 quanto
453 473 520 511 ille
549 473 673 524 magis
704 473 850 511 formas
881 485 921 511 se
951 477 1082 510 vertet
1111 472 1153 510 in
1182 485 1327 520 omnes,

174 545 256 578 tam
286 544 341 587 tu,
375 544 476 586 nate,
510 539 636 590 magis
667 538 861 577 contende
892 538 1045 576 tenacia
1074 537 1214 585 vincla,

174 605 299 644 donec
329 604 421 643 talis
451 604 528 642 erit
557 608 712 642 mutato
742 616 915 655 corpore,
948 603 1105 653 qualem

175 670 334 717 videris,
366 670 526 720 incepto
557 674 710 720 tegeret
739 682 828 706 cum
857 668 1009 706 lumina
1038 670 1198 707 somno.’

229 735 324 773 haec
353 735 410 773 ait
439 740 479 773 et
508 734 706 785 liquidum
735 734 954 772 ambrosiae
983 733 1173 772 diffundit
1202 733 1375 780 odorem,

175 813 254 851 quo
283 804 414 839 totum
444 800 527 838 nati
558 813 698 850 corpus
727 799 918 850 perduxit
934 814 943 847 ;
982 804 1024 837 at
1052 798 1109 836 illi
1314 798 1378 837 416

176 865 302 904 dulcis
333 866 561 916 compositis
592 865 759 916 spiravit
788 864 963 903 crinibus
992 877 1098 910 aura,

174 936 295 982 atque
316 930 459 969 habilis
480 930 667 969 membris
684 930 795 968 venit
816 929 939 981 vigor.
999 935 1061 968 est
1081 942 1219 980 specus
1240 929 1378 980 ingens

177 997 283 1036 exesi
314 996 438 1035 latere
468 996 510 1034 in
539 996 698 1041 montis,
731 1009 809 1046 quo
839 995 1010 1046 plurima
1040 1000 1160 1033 vento

177 1063 332 1114 cogitur
360 1062 481 1112 inque
512 1062 621 1100 sinus
652 1061 798 1100 scindit
827 1075 912 1100 sese
941 1061 1049 1099 unda
1077 1060 1272 1108 reductos,
1316 1069 1380 1100 420

175 1128 380 1180 deprensis
411 1128 504 1166 olim
535 1128 655 1166 statio
685 1127 888 1166 tutissima
916 1128 1049 1165 nautis
1065 1140 1074 1174 3

176 1195 285 1233 intus
315 1207 357 1232 se
386 1194 490 1232 vasti
521 1193 690 1232 Proteus
720 1193 823 1244 tegit
852 1192 962 1231 obice
992 1192 1090 1230 saxi.

177 1260 240 1298 hic
269 1260 456 1298 iuvenem
485 1259 526 1296 in
551 1258 713 1297 latebris
743 1271 929 1297 aversum
957 1272 980 1296 a
1009 1257 1159 1296 lumine
1189 1256 1280 1308 Nyr
1302 1256 1380 1294 *wha

176 1325 368 1372 collocat3
397 1325 482 1375 ipsa
511 1324 648 1376 procul
679 1324 832 1362 nebulis
862 1324 1028 1362 obscura
1057 1323 1215 1362 resistit.

176 1392 255 1430 iam
284 1391 448 1442 rapidus
477 1395 632 1429 torrens
662 1390 842 1428 sitientes
873 1389 1000 1428 Sirius
1030 1388 1151 1427 Indos
1317 1397 1378 1430 425

176 1457 343 1496 ardebat
372 1456 479 1495 eaelo
509 1461 548 1494 et
577 1455 753 1494 medium
782 1455 840 1493 sol
869 1456 1008 1507 igneus
1038 1455 1174 1494 orbem

177 1523 388 1570 hauserat3
418 1522 585 1560 arebant
614 1521 770 1568 herbae,
804 1526 844 1560 et
874 1535 970 1559 cava
998 1521 1162 1559 fiumina
1191 1520 1301 1558 siccis

176 1589 356 1627 faucibus
385 1587 436 1626 ad
465 1587 603 1625 limum
633 1587 734 1625 radii
763 1587 960 1638 tepefacta
989 1586 1234 1636 coquebant:

178 1667 266 1692 cum
296 1653 465 1692 Proteus
494 1657 683 1691 consueta
712 1657 851 1704 petens
881 1666 901 1691 e
930 1651 1115 1690 fluctibus
1144 1656 1259 1689 antra

175 1720 284 1765 ibat3
315 1732 406 1757 eum
434 1719 539 1756 vasti
570 1719 716 1757 circum
746 1731 842 1769 gens
872 1717 1008 1755 umida
1036 1717 1150 1768 ponti
1317 1725 1380 1757 430

178 1784 382 1826 exsultans
412 1798 542 1823 rorem
571 1784 650 1823 late
680 1783 875 1835 dispergit
904 1796 1107 1830 amarum3

177 1855 363 1890 sternunt
393 1864 434 1889 se
464 1863 602 1889 somno
632 1849 813 1888 diversae
843 1849 884 1886 in
914 1848 1030 1887 litore
1059 1847 1207 1898 phocae
1223 1862 1232 1895 3

176 1918 270 1967 ipse,
304 1917 417 1956 velut
447 1916 595 1955 stabuli
626 1921 758 1954 custos
788 1915 828 1953 in
859 1913 1063 1952 montibus
1093 1913 1198 1958 olim,

177 1997 318 2035 vesper
346 1983 416 2022 ubi
447 1995 467 2021 e
497 1987 615 2034 pastu
645 1980 792 2019 vitulos
822 1979 872 2018 ad
902 1984 1009 2018 tecta
1039 1978 1195 2016 reducit

177 2049 405 2099 auditisque
436 2047 550 2099 lupos
579 2052 728 2085 acuunt
757 2045 958 2084 balatibus
987 2044 1088 2096 agni,
1316 2050 1377 2084 435
