1388 2260
403 163 680 196 GEORGICON
705 163 792 196 LIB.
822 163 884 195 IV.
1207 163 1245 198 17
1269 194 1274 200 .

42 260 216 300 considit
244 260 406 313 scopulo
435 260 601 307 medius,
633 273 925 311 numerumque
956 264 1143 299 recenset.

42 326 153 365 cuius
183 327 370 365 Aristaeo
399 327 588 377 quoniam
619 332 679 365 est
707 326 840 364 oblata
869 325 1045 373 facultas,

42 392 111 430 vix
139 392 296 431 defessa
325 405 460 431 senem
489 405 629 443 passus
659 404 893 443 componere
922 391 1099 429 membra

42 470 131 495 cum
161 457 330 497 clamore
359 457 442 496 ruit
471 470 615 508 magno
644 457 887 507 manicisque
917 457 1111 495 iacentem

42 528 220 574 occupat.
278 523 345 562 ille
375 535 468 562 suae
499 528 637 561 contra
666 536 745 561 non
774 523 970 560 inmemor
998 523 1094 560 artis
1183 531 1247 561 440

41 589 174 627 omnia
203 589 461 627 transformat
490 601 575 627 sese
605 588 646 626 in
675 587 864 625 miracula
892 601 1036 634 rerum,

41 655 253 706 ignemque
274 654 585 705 horribilemque
605 654 729 692 feram
746 653 992 703 fluviumque
1012 653 1243 704 liquentem.

42 733 181 759 verum
210 720 277 758 ubi
307 719 417 758 nulla
445 720 583 771 fugam
612 719 762 770 reperit
790 718 955 766 fallacia,
988 719 1117 757 victus

42 785 82 823 in
112 798 196 824 sese
225 785 332 824 redit
361 790 481 836 atque
512 785 684 824 hominis
714 784 877 823 tandem
907 797 973 823 ore
1003 784 1183 823 locutus:

46 856 156 888 ‘nam
187 851 275 901 quis
304 856 355 898 te,
382 851 572 889 iuvenum
603 850 950 898 confidentissime,
981 856 1138 888 nostras
1183 857 1246 891 445

41 915 159 954 iussit
189 915 300 954 adire
333 915 501 955 domos?
532 915 680 966 quidve
711 915 804 954 hinc
838 915 994 967 petis2’
1025 915 1166 966 inquit.
1205 922 1246 954 at

203 980 270 1020 ille
287 997 294 1020 :

45 1047 150 1095 ‘scis‚
170 1046 331 1094 Proteu‚
351 1047 424 1085 scis
445 1047 529 1098 ipse
544 1062 554 1095 3
574 1059 703 1097 neque
720 1051 780 1085 est
796 1052 836 1085 te
857 1045 993 1085 fallere
1009 1047 1219 1097 quicquam

41 1111 110 1150 sed
140 1117 185 1150 tu
214 1112 352 1151 desine
382 1112 494 1150 velle.
554 1112 674 1150 deum
704 1117 916 1163 praecepta
945 1112 1071 1150 secuti

40 1178 233 1226 venimus,
265 1178 357 1216 hinc
386 1177 499 1216 lassis
529 1178 756 1228 quaesitum
786 1177 944 1216 oracula
973 1177 1116 1216 rebus'

40 1248 200 1282 tantum
225 1244 378 1282 effatus.
435 1243 486 1281 ad
516 1243 612 1281 haec
637 1248 748 1281 vates
773 1243 812 1281 vi
836 1243 1009 1293 denique
1033 1243 1160 1282 multa
1182 1250 1248 1285 450

40 1309 226 1348 ardentes
256 1309 389 1348 oculos
419 1309 581 1348 intorsit
609 1308 760 1347 lumine
789 1308 938 1360 glauco,

41 1379 82 1413 et
109 1375 286 1426 graviter
314 1374 503 1413 frendens
533 1375 587 1413 sic
617 1374 710 1412 fatis
740 1387 808 1412 ora
836 1374 1024 1414 resolvit:

97 1445 202 1479 ‘non
231 1446 272 1479 te
302 1440 449 1479 nullius
481 1445 668 1479 exercent
697 1440 871 1478 numinis
900 1440 1006 1488 irae;

41 1520 185 1558 magna
213 1506 290 1545 luis
320 1507 551 1545 commissa:
583 1506 655 1544 tibi
686 1505 757 1544 has
786 1506 1021 1544 miserabilis
1051 1506 1236 1557 Orpheus

42 1571 352 1623 haudquaquam
368 1572 418 1611 ob
434 1572 622 1611 meritum
639 1585 797 1622 poenas,
815 1572 856 1610 ni
872 1572 953 1610 fata
968 1572 1166 1620 resistant,
1183 1580 1246 1615 455

41 1637 216 1684 suscitat,
249 1642 290 1675 et
318 1642 432 1688 rapta
461 1638 639 1688 graviter
668 1650 740 1687 pro
770 1637 937 1688 coniuge
968 1638 1105 1676 saevit.

40 1702 109 1741 illa
138 1702 311 1753 quidem,
342 1702 438 1741 dum
468 1709 508 1741 te
538 1703 695 1754 fugeret
724 1715 795 1754 per
825 1703 988 1741 flumina
1017 1716 1215 1754 praeceps,

40 1768 240 1807 inmanem
269 1773 362 1807 ante
391 1768 512 1819 pedes
541 1768 717 1820 hydrum
746 1769 941 1807 moritura
970 1769 1102 1820 puella

41 1838 267 1873 servantem
297 1835 402 1885 ripas
430 1834 511 1873 alta
542 1848 621 1872 non
652 1834 756 1872 vidit
784 1834 825 1872 in
856 1834 989 1872 herba.

40 1904 83 1938 at
111 1899 254 1939 chorus
284 1900 459 1950 aequalis
490 1899 700 1952 Dryadum
728 1899 897 1938 clamore
924 1913 1130 1950 supremos
1182 1901 1247 1940 460

41 1965 246 2016 inplerunt
276 1971 455 2013 montes3
486 1965 633 2004 flerunt
662 1965 919 2016 Rhodopeiae
948 1979 1058 2005 arces

42 2030 202 2081 altaque
232 2031 416 2082 Pangaea
445 2036 485 2074 et
514 2031 634 2069 Rhesi
666 2031 867 2069 Mavortia
895 2031 1014 2070 tellus
