1429 2255
164 163 200 192 18
509 164 546 197 P.
575 165 775 198 VERGILI
802 167 1019 200 MARONIS

159 264 280 310 atque
311 260 437 300 Getae
466 267 587 313 atque
619 263 777 302 Hebrus
807 270 848 302 et
876 264 1014 304 Actias
1044 266 1230 318 Orithyia

160 325 243 376 ipse
274 340 369 365 cava
398 327 529 365 solans
559 341 720 379 aegrum
752 330 955 369 testudine
984 345 1158 370 amorem

160 396 210 437 te,
242 391 368 430 dulcis
399 393 582 442 coniunx,
617 400 655 433 te
686 395 770 433 solo
799 397 840 434 in
870 396 988 435 litore
1019 411 1162 446 secum,
1302 399 1363 440 465

159 462 199 495 te
229 459 414 497 veniente
443 459 518 508 die,
550 464 591 498 te
621 460 838 500 decedente
869 463 1044 501 canebat.

159 522 372 562 Taenarias
402 525 522 563 etiam
551 526 694 574 fauces,
725 527 805 565 alta
835 528 935 565 ostia
964 527 1081 576 Ditis,

158 594 199 627 et
228 588 467 640 caligantem
496 591 609 642 nigra
638 592 850 631 formidine
879 593 1012 632 lucum

158 655 359 705 ingressus
389 656 610 707 Manesque
639 657 740 695 adiit
769 671 981 709 regemque
1010 660 1264 698 tremendum

158 721 368 771 nesciaque
398 721 580 760 humanis
612 723 793 774 precibus
824 738 1097 762 mansuescere
1127 725 1253 764 corda.
1299 734 1363 767 470

157 791 198 823 at
227 792 347 825 cantu
376 794 596 827 commotae
626 789 743 827 Erebi
774 790 822 828 de
852 790 1011 829 sedibus
1041 791 1129 829 imis

156 853 320 891 umbrae
349 853 464 892 ibant
493 860 633 893 tenues
664 855 952 906 simulacraque
981 856 1067 895 luce
1097 864 1313 906 carentum,

157 931 275 968 quam
306 918 433 957 multa
462 920 503 957 in
533 920 638 958 foliis
668 921 803 959 avium
833 935 873 960 se
904 922 1012 960 milia
1041 923 1230 969 condunt,

157 997 298 1035 vesper
327 985 395 1023 ubi
424 991 495 1024 aut
524 986 713 1025 hibernus
743 988 828 1038 agit
857 987 906 1026 de
937 989 1141 1027 montibus
1170 989 1308 1036 imber,

156 1055 303 1089 matres
332 1055 454 1102 atque
483 1052 560 1090 viri
590 1052 860 1103 defunctaque
891 1066 1055 1104 corpora
1084 1054 1168 1092 vita
1298 1061 1360 1097 475

155 1117 454 1167 magnanimum
485 1117 663 1166 heroum,
695 1119 807 1169 pueri
838 1119 1112 1171 innuptaeque
1141 1120 1308 1171 puellae,

155 1182 399 1233 inpositique
429 1183 534 1234 rogis
565 1184 729 1223 iuvenes
758 1190 851 1223 ante
882 1198 951 1223 ora
979 1190 1190 1236 parentum
1206 1201 1215 1234 5

157 1261 254 1297 quos
285 1248 432 1287 circum
462 1249 580 1288 limus
610 1251 723 1301 niger
752 1255 793 1288 et
822 1251 1010 1289 deformis
1040 1251 1222 1290 harundo

157 1313 297 1365 Cocyti
328 1314 523 1365 tardaque
553 1315 666 1366 palus
695 1316 920 1354 inamabilis
950 1306 1059 1354 unda

154 1378 306 1431 adligat
335 1384 376 1417 ct
404 1380 569 1418 noviens
601 1381 704 1432 Styx
733 1382 929 1420 interfusa
960 1386 1120 1420 coercet.
1296 1383 1360 1422 480

155 1444 252 1494 quin
282 1445 390 1496 ipsae
419 1451 607 1497 stupuere
638 1447 780 1485 domus
809 1452 935 1498 atque
965 1448 1105 1486 intima
1133 1447 1223 1486 Leti

155 1510 321 1549 Tartara
351 1512 628 1562 caeruleosque
658 1513 843 1563 inplexae
873 1513 1047 1551 crinibus
1077 1527 1224 1565 angues

154 1575 406 1621 Eumenides,
438 1578 649 1628 tenuitque
678 1578 835 1616 inhians
865 1579 942 1616 tria
973 1578 1167 1617 Cerberus
1197 1592 1265 1617 ora

153 1646 274 1692 atque
305 1642 451 1681 Ixionii
480 1650 601 1681 vento
630 1649 719 1682 rota
748 1645 928 1682 constitit
957 1644 1072 1682 orbis.

153 1707 311 1758 iainque
341 1708 483 1758 pedem
512 1709 687 1747 referens
717 1722 829 1748 casus
860 1714 1039 1748 evaserat
1068 1723 1204 1748 omnes
1295 1710 1356 1751 485

153 1772 390 1824 redditaque
420 1773 618 1825 Eurydice
649 1788 811 1825 superas
840 1775 1026 1813 veniebat
1055 1775 1105 1813 ad
1135 1788 1250 1812 auras

154 1851 255 1888 pone
303 1852 713 1890 sequens,—namque
762 1839 862 1878 hanc
905 1840 1072 1879 dederat
1118 1840 1358 1890 Proserpina

314 1904 497 1955 legem—

152 1984 242 2008 cum
271 1970 403 2008 subita
432 1970 637 2009 incautum
668 1971 870 2009 dementia
900 1971 1005 2022 cepit
1035 1975 1246 2017 amantem,

151 2035 392 2087 ignoscenda
422 2035 595 2086 quidem,
627 2036 775 2075 scirent
803 2037 835 2075 si
865 2037 1068 2089 ignoscere
1097 2036 1260 2074 Manes:
