1388 2260
441 180 718 214 GEORGICON
743 182 829 214 LIB.
858 182 921 214 IV.
1179 217 1184 224 ,
1261 186 1280 219 7

81 277 345 327 experiuntur
368 284 408 316 et
437 278 478 316 in
507 278 683 317 medium
712 280 892 329 quaesita
921 285 1130 331 reponunt.

81 356 252 394 namque
281 343 380 382 aliae
410 344 518 382 victu
548 344 761 396 invigilant
790 351 830 383 et
860 345 1019 384 foedere
1048 351 1163 397 pacto

80 414 316 447 exercentur
345 409 449 460 agris
465 425 473 457 3
504 423 595 460 pars
624 411 731 448 intra
760 416 896 462 saepta
925 411 1133 450 domorum

80 473 255 512 Narcissi
280 473 481 512 lacrimam
511 480 552 513 et
581 475 733 514 lentum
763 476 812 515 de
843 477 986 515 cortice
1014 477 1153 528 gluten
1224 479 1282 510 160

79 538 207 588 prima
235 539 335 577 favis
365 547 520 590 ponunt
549 541 792 588 fundamina,
825 541 970 581 deinde
999 548 1155 581 tenaces

78 603 329 654 suspendunt
357 618 465 643 ceras
480 620 490 653 3
519 606 618 644 aliae
649 620 759 657 spem
789 608 919 658 gentis
948 607 1107 647 adultos

79 668 254 708 educunt
282 669 386 708 fetus
401 685 411 718 3
442 670 542 709 aliae
573 672 784 722 purissima
812 673 931 711 mella

78 734 240 785 stipant,
274 740 314 773 et
342 735 495 787 liquido
524 736 762 775 distendunt
792 743 949 776 nectare
980 739 1105 778 cellas.

77 804 181 847 sunt,
214 801 357 851 quibus
387 801 435 840 ad
466 807 600 852 portas
630 803 773 841 cecidit
803 803 982 842 custodia
1012 805 1119 851 sorti,
1223 805 1280 846 Ῑ65

76 863 197 916 inque
227 866 352 904 vicem
382 867 637 917 speculantur
665 882 787 919 aquas
817 874 857 907 et
886 869 1023 907 nubila
1053 869 1172 918 caeli3

76 935 147 969 aut
176 944 295 970 onera
323 932 524 983 accipiunt
552 934 795 982 venientum,
828 940 898 972 aut
927 935 1084 986 agmine
1114 935 1217 973 facto

76 995 265 1048 ignavum
295 997 404 1036 fucos
434 1011 552 1049 pecus
582 1012 604 1036 a
632 1000 888 1050 praesepibus
916 1006 1062 1040 arcent.

75 1062 205 1101 fervet
234 1076 344 1114 opus,
375 1063 636 1115 redolentque
666 1065 809 1116 thymo
839 1066 1057 1117 fragrantia
1085 1066 1212 1106 mella.

75 1142 120 1166 ac
149 1128 274 1167 veluti
304 1129 422 1167 lentis
454 1129 648 1181 Cyclopes
678 1131 846 1169 fulmina
874 1132 1013 1170 massis
1222 1141 1281 1173 170

76 1207 165 1232 cum
194 1200 420 1245 properant,
452 1195 519 1233 alii
549 1196 717 1234 taurinis
749 1196 908 1234 follibus
936 1210 1051 1235 auras

74 1259 275 1310 accipiunt
304 1260 568 1311 redduntque,
600 1261 667 1299 alii
697 1261 908 1299 stridentia
937 1262 1101 1313 tingunt

73 1338 166 1363 aera
194 1325 304 1373 lacu3
334 1326 459 1377 gemit
487 1326 669 1377 inpositis
699 1326 908 1365 incudibus
937 1327 1069 1366 Aetna
1084 1343 1093 1376 3

74 1390 133 1429 illi
163 1391 268 1429 inter
296 1404 380 1430 sese
409 1405 552 1442 magna
581 1392 620 1429 vi
649 1391 832 1430 bracchia
861 1391 1011 1430 tollunt

74 1456 116 1494 in
146 1470 368 1505 numerum,
399 1462 638 1508 versantque
667 1457 798 1496 tenaci
827 1457 975 1509 forcipe
1006 1458 1179 1498 ferrum:
1222 1466 1279 1501 175

74 1535 155 1561 non
183 1522 310 1570 aliter,
343 1523 375 1561 si
404 1536 526 1573 parva
554 1523 647 1561 licet
677 1536 910 1574 componere
940 1524 1105 1575 magnis,

75 1586 285 1639 Cecropias
314 1588 477 1627 innatus
507 1602 600 1640 apes
629 1601 740 1627 amor
768 1593 915 1638 urguet
945 1588 1128 1637 habendi,

74 1666 238 1691 munere
268 1667 466 1705 quamque
496 1668 576 1692 suo.
636 1654 872 1704 grandaevis
906 1655 1052 1706 oppida
1082 1668 1195 1694 curae

75 1724 116 1757 et
144 1719 301 1757 munire
329 1720 440 1758 favos
470 1727 509 1758 et
537 1719 702 1758 daedala
730 1720 878 1771 fingere
910 1725 1024 1758 tecta.

75 1789 117 1822 at
145 1784 270 1823 fessae
300 1784 427 1822 multa
457 1785 636 1823 referunt
664 1798 704 1824 se
733 1790 850 1826 nocte
880 1786 1064 1834 minores,
1222 1787 1281 1819 180

76 1862 189 1888 crura
217 1849 360 1902 thymo
388 1849 552 1901 plenae;
581 1856 798 1902 pascuntur
826 1858 868 1892 et
898 1853 1041 1891 arbuta
1070 1853 1216 1904 passim

76 1920 116 1953 et
144 1915 302 1966 glaucas
331 1915 469 1954 salices
498 1916 720 1967 casiamque
749 1931 986 1968 crocumque
1016 1917 1225 1955 rubentem

76 1986 117 2019 et
145 1982 334 2033 pinguem
362 1981 491 2020 tiliam
522 1987 562 2020 et
591 1982 837 2033 ferrugineos
867 1983 1113 2035 hyacinthos.

76 2047 259 2085 omnibus
288 2061 367 2086 una
396 2048 508 2099 quies
537 2061 714 2099 operum,
746 2047 857 2086 labor
886 2048 1070 2087 omnibus
1099 2061 1225 2087 unus:
